@manual{octave2019,
    title     = {{GNU Octave} version 5.1.0 manual: a high-level interactive language for numerical computations},
    author    = {John W. Eaton and David Bateman and S{\o}ren Hauberg and Rik Wehbring},
    year      = {2019},
    url       = {https://www.gnu.org/software/octave/doc/v5.1.0/}
  }

@book{pressman2016engenharia,
  title={Engenharia de Software - 8{\textordfeminine} Edi{\c{c}}{\~a}o},
  author={Pressman, R. and Maxim, B.},
  isbn={9788580555349},
  url={https://books.google.com.br/books?id=wexzCwAAQBAJ},
  year={2016},
  publisher={McGraw Hill Brasil}
}

@book{Norvig2013,
  title={Inteligêngia Artificial - Tradu{\c{c}}{\~a}o da3{\textordfeminine} Edi{\c{c}}{\~a}o},
  author={Russell, Stuart. and Norvig, Peter},
  isbn={9788535237016},  
  year={2013},
  address = {Rio de Janeiro, Brasil},
  publisher={Elsevier}
}

@book{Boscarioli2017,
  title={Introdu{\c{c}}{\~a}o {\`a} Minera{\c{c}}{\~a}o de Dados: Com Aplica{\c{c}}{\~o}es em R},
  author={Silva, Leandro Augusto da. and Peres, Sarajane Marques and Boscarioli, Clodis},
  isbn={9788535284478},
  url={https://books.google.com.br/books?id=5LA4DwAAQBAJ},
  year={2017},
  publisher={Elsevier Brasil}
}

@book{data_science_do_zero2016,
  title={Data Science Do Zero},
  author={Grus, J. and Nascimento, W.},
  isbn={9788576089988},
  url={https://books.google.com.br/books?id=EWJCvgAACAAJ},
  year={2016},
  publisher={ALTA BOOKS}
}

@book{ferrari2017,
  title={Introdu{\c{c}}{\~a}o a minera{\c{c}}{\~a}o de dados},
  author={Ferrari, Daniel Gomes. and Castro Silva, Leandro Nunes de},
  isbn={9788547200992},
  url={https://books.google.com.br/books?id=SSlrDwAAQBAJ},
  year={2017},
  publisher={Editora Saraiva}
}


@book{aprenda_mineracao_fernando_amaral16,
  title={Aprenda Minera{\c{c}}{\~a}o de Dados: Teoria e pr{\'a}tica},
  author={Amaral, Fernando.},
  isbn={9788576089889},
  series={Autoria Nacional},
  url={https://books.google.com.br/books?id=qZIgDQAAQBAJ},
  year={2016},
  publisher={ALTA BOOKS}
}

@book{fugini_information_2004,
	title = {Information {Security} {Policies} and {Actions} in {Modern} {Integrated} {Systems}},
	isbn = {978-1-59140-186-5},
	url = {https://books.google.com.br/books?id=uTgd_lruELcC},
	publisher = {Idea Group Pub.},
	author = {Fugini, M. and Bellettini, C.},
	year = {2004},
	lccn = {2003022606}
}

@book{fold_cross_validation:k-fold_nodate,
	title = {K-fold cross validation},
	author = {Gufosowa},
	title = {File:K-fold cross validation EN.svg},
	copyright = {Creative Commons Attribution-ShareAlike License},
	shorttitle = {File},
	url = {https://en.wikipedia.org/wiki/File:K-fold_cross_validation_EN.svg},
	language = {en},
	year = {2019},
	urldate = {2019-12-13},
	publisher = {Wikipedia. Disponível em: https://en.wikipedia.org/wiki/File:K-fold\_cross\_validation\_EN.svg}	
}

@book{WolpertMacready,
title = {No Free Lunch Theorems for Search},
author = {Wolpert, David H. and Macready, William G.},
year = {1995},
publisher = {Santa Fe Institute},
type = {Working Papers},
abstract = {We show that all algorithms that search for an extremum of a cost function perform exactly the same, when averaged over all possible cost functions. In particular, if algorithm A outperforms algorithm B on some cost functions, then loosely speaking there must exist exactly as many other functions where B outperforms A. Starting from this we analyze a number of the other a priori characteristics of the search problem, like its geometry and its information-theoretic aspects. This analysis allows us to derive mathematical benchmarks for assessing a particular search algorithm's performance. We also investigate minimax aspects of the search problem, the validity of using characteristics of a partial search over a cost function to predict future behavior of the search algorithm on that cost function, and time-varying cost functions. We conclude with some discussion of the justifiablility of biologically-inspired search methods.},
url = {https://EconPapers.repec.org/RePEc:wop:safiwp:95-02-010}
}

@article{Wolpert:1996,
 author = {Wolpert, David H.},
 title = {The Lack of a Priori Distinctions Between Learning Algorithms},
 journal = {Neural Comput.},
 issue_date = {October 1, 1996},
 volume = {8},
 number = {7},
 month = {oct},
 year = {1996},
 issn = {0899-7667},
 pages = {1341--1390},
 numpages = {50},
 url = {http://dx.doi.org/10.1162/neco.1996.8.7.1341},
 doi = {10.1162/neco.1996.8.7.1341},
 acmid = {1362128},
 publisher = {MIT Press},
 address = {Cambridge, MA, USA},
}

@book{Rocha2012,
title   = {Tutorial sobre Fuzzy-c-Means e Fuzzy Learning Vector Quantization: abordagens híbridas para tarefas de agrupamento e classificação},
author = {Rocha, Thiago and Peres, Sarajane Marques and Bíscaro, Helton Hideraldo and Madeo, Renata C. B and Boscarioli, Clodis},
year = {2012},
journal   = {Revista de Informática Teórica e Aplicada}
}

@inproceedings{classification2013,
	title = {A study on classification techniques in data mining},
	doi = {10.1109/ICCCNT.2013.6726842},
	abstract = {Data mining is a process of inferring knowledge from such huge data. Data Mining has three major components Clustering or Classification, Association Rules and Sequence Analysis. By simple definition, in classification/clustering analyze a set of data and generate a set of grouping rules which can be used to classify future data. Data mining is the process is to extract information from a data set and transform it into an understandable structure. It is the computational process of discovering patterns in large data sets involving methods at the intersection of artificial intelligence, machine learning, statistics, and database systems. The actual data mining task is the automatic or semi-automatic analysis of large quantities of data to extract previously unknown interesting patterns. Data mining involves six common classes of tasks. Anomaly detection, Association rule learning, Clustering, Classification, Regression, Summarization. Classification is a major technique in data mining and widely used in various fields. Classification is a data mining (machine learning) technique used to predict group membership for data instances. In this paper, we present the basic classification techniques. Several major kinds of classification method including decision tree induction, Bayesian networks, k-nearest neighbor classifier, the goal of this study is to provide a comprehensive review of different classification techniques in data mining.},
	booktitle = {2013 {Fourth} {International} {Conference} on {Computing}, {Communications} and {Networking} {Technologies} ({ICCCNT})},
	author = {Kesavaraj, G. and Sukumaran, S.},
	month = {jul},
	year = {2013},
	note = {ISSN: null},
	keywords = {anomaly detection, association rule learning, Bayesian networks, classification algorithms, Classification algorithms, classification technique, clustering, data analysis, data mining, Data mining, Data Mining, Data models, Decision tree, decision tree induction, Decision trees, group membership, grouping rules, information extraction, k-nearest neighbor classifier, KNN, learning (artificial intelligence), machine learning technique, Partitioning algorithms, pattern classification, pattern clustering, pattern discovery, regression, regression analysis, sequence analysis, summarization, Support vector machine, Support vector machines, Training},
	pages = {1--7},
	file = {IEEE Xplore Abstract Record:C\:\\Users\\Ed\\Zotero\\storage\\HX6HZXKP\\6726842.html:text/html}
}

@inproceedings{performance_classification2013,
	title = {Performance {Evaluation} of {Different} {Data} {Mining} {Classification} {Algorithm} and {Predictive} {Analysis}},
	doi = {10.9790/0661-1060106},
	abstract = {Data mining is the knowledge discovery process by analyzing the large volumes of data from various perspectives and summarizing it into useful information; data mining has become an essential component in various fields of human life. It is used to identify hidden patterns in a large data set. Classification techniques are supervised learning techniques that classify data item into predefined class label. It is one of the most useful techniques in data mining to build classification models from an input data set; these techniques commonly build models that are used to predict future data trends. In this paper we have worked with different data mining applications and various classification algorithms, these algorithms have been applied on different dataset to find out the efficiency of the algorithm and improve the performance by applying data preprocessing techniques and feature selection and also prediction of new class labels.},
	author = {Shazmeen, Syeda Farha and Mustafa, Mirza Azny and Baig, Ali},
	year = {2013},
	keywords = {Algorithm, Data item, Data mining, Data pre-processing, Feature selection, Performance Evaluation, Preprocessor, Supervised learning}
}

@inproceedings{using_data_mining2012,
	title = {Using {Data} {Mining} {Techniques} to {Build} a {Classification} {Model} for {Predicting} {Employees} {Performance}},
	doi = {10.14569/IJACSA.2012.030225},
	abstract = {Human capital is of a high concern for companies' management where their most interest is in hiring the highly qualified personnel which are expected to perform highly as well. Recently, there has been a growing interest in the data mining area, where the objective is the discovery of knowledge that is correct and of high benefit for users. In this paper, data mining techniques were utilized to build a classification model to predict the performance of employees. To build the classification model the CRISP-DM data mining methodology was adopted. Decision tree was the main data mining tool used to build the classification model, where several classification rules were generated. To validate the generated model, several experiments were conducted using real data collected from several companies. The model is intended to be used for predicting new applicants' performance.},
	author = {Al-Radaideh, Qasem A. and Nagi, Eman Al},
	year = {2012},
	keywords = {Computer performance, Concentrate Dosage Form, Data mining, Database, Decision tree, Entity Name Part Qualifier - adopted, Experiment, Job Syndrome, Performance prediction, Rule (guideline)},
	file = {Texto completo:C\:\\Users\\Ed\\Zotero\\storage\\HQQJDQXT\\Al-Radaideh e Nagi - 2012 - Using Data Mining Techniques to Build a Classifica.pdf:application/pdf}
}

@article{classification_survey2012,
	title = {Classification {Algorithms} for {Data} {Mining}: {A} {Survey}},
	volume = {1},
	abstract = {Classification is a model finding process that is used for portioning the data into different classes according to some constrains. In other words we can say that classification is process of generalizing the data according to different instances. Several major kinds of classification algorithms including C4.5, k-nearest neighbor classifier, Naive Bayes, SVM, Apriori, and AdaBoost. This paper provide a inclusive survey of different classification algorithms.},
	language = {en},
	number = {2},
	journal = {International Journal of Innovations in Engineering and Technology},
	author = {Kumar, Raj},
	year = {2012},
	pages = {8},
	file = {Kumar - 2012 - Classification Algorithms for Data Mining A Surve.pdf:C\:\\Users\\Ed\\Zotero\\storage\\WKZG5WTF\\Kumar - 2012 - Classification Algorithms for Data Mining A Surve.pdf:application/pdf}
}

@book{alecrim2019},
	title = {O que {\'e} {Big} {Data}?},
	url = {https://www.infowester.com/big-data.php},
	urldate = {2019-12-14},
	journal = {INFOWESTER},
	author = {Alecrim, Emerson},
	month = {dec},
	year = {2019},
	publisher = {INFOWESTER. Disponível em: https://www.infowester.com/big-data.php. Acesso em 12/12/2019}	
}

@misc{machado2014},
	title = {Estudo da {EMC} prevê que volume de dados virtuais armazenados será seis vezes maior em 2020},
	url = {https://oglobo.globo.com/economia/estudo-da-emc-preve-que-volume-de-dados-virtuais-armazenados-sera-seis-vezes-maior-em-2020-12147682},
	abstract = {Atualmente, quantidade de informação em formato digital caberia numa pilha de iPads Air de 256 mil quilômetros},
	language = {pt-BR},
	urldate = {2019-12-14},
	journal = {O Globo},
	author = {Machado, André},
	month = {apr},
	year = {2014},
	file = {Snapshot:C\:\\Users\\Ed\\Zotero\\storage\\H3EN9VHT\\estudo-da-emc-preve-que-volume-de-dados-virtuais-armazenados-sera-seis-vezes-maior-em-2020-1214.html:text/html}
}

@article{fayyad1996},
	title = {From Data Mining to Knowledge Discovery in Databases},
	volume = {17},
	rights = {Copyright (c)},
	issn = {2371-9621},
	url = {https://www.aaai.org/ojs/index.php/aimagazine/article/view/1230},
	doi = {10.1609/aimag.v17i3.1230},
	abstract = {Data mining and knowledge discovery in databases have been attracting a significant amount of research, industry, and media attention of late. What is all the excitement about? This article provides an overview of this emerging field, clarifying how data mining and knowledge discovery in databases are related both to each other and to related fields, such as machine learning, statistics, and databases. The article mentions particular real-world applications, specific data-mining techniques, challenges involved in real-world applications of knowledge discovery, and current and future research directions in the field.},
	pages = {37--37},
	number = {3},
	journaltitle = {{AI} Magazine},
	author = {Fayyad, Usama and Piatetsky-Shapiro, Gregory and Smyth, Padhraic},
	urldate = {2019-12-14},
	date = {1996-03-15},
	year = {1996},
	langid = {english}
}

@book{minewiskan_modelos_nodate},
	title = {Modelos de mineração (Analysis Services-Mineração de dados)},
	series = {disponível em: https://docs.microsoft.com/pt-br/analysis-services/data-mining/mining-models-analysis-services-data-mining},
	url = {https://docs.microsoft.com/pt-br/analysis-services/data-mining/mining-models-analysis-services-data-mining},
	author = {Minewiskan, Owen Duncan},
	urldate = {2020-08-06},
	publisher = {Acesso em: 06 de março de 2020.},
	year =	{2020},
	langid = {portuguese},
	note = {Library Catalog: docs.microsoft.com},
	file = {Snapshot:C\:\\Users\\Ed\\Zotero\\storage\\JMBRSNMR\\mining-models-analysis-services-data-mining.html:text/html}
}


@book{deep_learning_book_2019},
	title = {Deep Learning Book, 2019},
	series = {disponível em: http://deeplearningbook.com.br/},
	url = {http://deeplearningbook.com.br/},
	author = {Data Science Academy},
	urldate = {2020-08-06},
	publisher = {Acesso em: 06 de março de 2020.},
	year =	{2020},
	langid = {portuguese},
	note = {Capítulos em: http://deeplearningbook.com.br/capitulos/}	
}

@book{goldschmidt2005},
	title = {Data mining: um guia Prático},
	isbn = {978-85-352-1877-0},
	url = {https://books.google.com.br/books?id=JJYHNrREwyEC},
	publisher = {Elsevier Editora},
	author = {{Goldschmidt}, R. and {Passos}, E.},
	year = {2005}
}

@article{castro_supervised_2011},
	title = {Supervised learning with imbalanced data sets: an overview},
	volume = {22},
	issn = {0103-1759},
	url = {http://www.scielo.br/scielo.php?script=sci_abstract&pid=S0103-17592011000500002&lng=en&nrm=iso&tlng=pt},
	doi = {10.1590/S0103-17592011000500002},
	shorttitle = {Supervised learning with imbalanced data sets},
	pages = {441--466},
	number = {5},
	journaltitle = {Sba: Controle \&amp; Automação Sociedade Brasileira de Automatica},
	author = {Castro, Cristiano Leite de and Braga, Antônio Pádua},
	urldate = {2020-08-07},
	date = {2011-10},
	year = {2011},
	note = {Publisher: Sociedade Brasileira de Automática},
	file = {Full Text PDF:C\:\\Users\\Ed\\Zotero\\storage\\DEU7SQVU\\Castro e Braga - 2011 - Supervised learning with imbalanced data sets an .pdf:application/pdf;Snapshot:C\:\\Users\\Ed\\Zotero\\storage\\VJ8NS73D\\scielo.html:text/html}
}

@book{over_and_underfitting_2019},
	title = {Underfitting and Overfitting in machine learning and how to deal with it !!!},
	series = {Disponível em: https://towardsdatascience.com/underfitting-and-overfitting-in-machine-learning-and-how-to-deal-with-it-6fe4a8a49dbf},
	abstract = {The cause of the poor performance of a model in machine learning is either overfitting or underfitting the data.},
	titleaddon = {Medium},
	author = {Kasturi, Sai Nikhilesh},
	publisher = {Acesso em: 04 de Abril de 2020},
	date = {2019-06-29},
	year= {2019},
	langid = {english},
	note = {Library Catalog: towardsdatascience.com},
	file = {Snapshot:C\:\\Users\\Ed\\Zotero\\storage\\648RBKMD\\underfitting-and-overfitting-in-machine-learning-and-how-to-deal-with-it-6fe4a8a49dbf.html:text/html}
}

@article{deng_improved_2016},
	title = {An improved method to construct basic probability assignment based on the confusion matrix for classification problem},
	volume = {340-341},
	issn = {0020-0255},
	url = {http://www.sciencedirect.com/science/article/pii/S002002551600044X},
	doi = {10.1016/j.ins.2016.01.033},
	abstract = {The determination of basic probability assignment ({BPA}) is a crucial issue in the application of Dempster–Shafer evidence theory. Classification is a process of determining the class label that a sample belongs to. In classification problem, the construction of {BPA} based on the confusion matrix has been studied. However, the existing methods do not make full use of the available information provided by the confusion matrix. In this paper, an improved method to construct the {BPA} is proposed based on the confusion matrix. The proposed method takes into account both the precision rate and the recall rate of each class. An illustrative case regarding the prediction of transmembrane protein topology is given to demonstrate the effectiveness of the proposed method.},
	pages = {250--261},
	journaltitle = {Information Sciences},
	author = {Deng, Xinyang and Liu, Qi and Deng, Yong and Mahadevan, Sankaran},
	urldate = {2020-08-07},
	date = {2016-05-01},
	year={2016},
	langid = {english},
	keywords = {Basic probability assignment, Belief function, Classification, Confusion matrix, Dempster–Shafer evidence theory, Transmembrane proteins},
	file = {ScienceDirect Full Text PDF:C\:\\Users\\Ed\\Zotero\\storage\\NMTT5HVT\\Deng et al. - 2016 - An improved method to construct basic probability .pdf:application/pdf;ScienceDirect Snapshot:C\:\\Users\\Ed\\Zotero\\storage\\H5HCGJ7J\\S002002551600044X.html:text/html}
}

@article{ruuska_evaluation_2018},
	title = {Evaluation of the confusion matrix method in the validation of an automated system for measuring feeding behaviour of cattle},
	volume = {148},
	issn = {0376-6357},
	url = {http://www.sciencedirect.com/science/article/pii/S0376635717301146},
	doi = {10.1016/j.beproc.2018.01.004},
	abstract = {The aim of the present study was to evaluate empirically confusion matrices in device validation. We compared the confusion matrix method to linear regression and error indices in the validation of a device measuring feeding behaviour of dairy cattle. In addition, we studied how to extract additional information on classification errors with confusion probabilities. The data consisted of 12 h behaviour measurements from five dairy cows; feeding and other behaviour were detected simultaneously with a device and from video recordings. The resulting 216 000 pairs of classifications were used to construct confusion matrices and calculate performance measures. In addition, hourly durations of each behaviour were calculated and the accuracy of measurements was evaluated with linear regression and error indices. All three validation methods agreed when the behaviour was detected very accurately or inaccurately. Otherwise, in the intermediate cases, the confusion matrix method and error indices produced relatively concordant results, but the linear regression method often disagreed with them. Our study supports the use of confusion matrix analysis in validation since it is robust to any data distribution and type of relationship, it makes a stringent evaluation of validity, and it offers extra information on the type and sources of errors.},
	pages = {56--62},
	journaltitle = {Behavioural Processes},
	author = {Ruuska, Salla and Hämäläinen, Wilhelmiina and Kajava, Sari and Mughal, Mikaela and Matilainen, Pekka and Mononen, Jaakko},
	urldate = {2020-08-07},
	date = {2018-03-01},
	year = {2018},
	langid = {english},
	keywords = {Confusion matrix, Confusion probabilities, Error indices, Feeding behaviour, Linear regression, Validation},
	file = {ScienceDirect Full Text PDF:C\:\\Users\\Ed\\Zotero\\storage\\QTQHUAQV\\Ruuska et al. - 2018 - Evaluation of the confusion matrix method in the v.pdf:application/pdf;ScienceDirect Snapshot:C\:\\Users\\Ed\\Zotero\\storage\\DVBFZRJM\\S0376635717301146.html:text/html}
}


@book{nn_smithing_1999},
	title = {Neural Smithing: Supervised Learning in Feedforward Artificial Neural Networks},
	url = {https://mitpress.mit.edu/books/neural-smithing},
	abstract = {Artificial neural networks are nonlinear mapping systems whose structure is loosely based on principles observed in the nervous systems of humans and animals. The basic idea is that massive systems of simple units linked together in appropriate ways can generate many complex and interesting behaviors. This book focuses on the subset of feedforward artificial neural networks called multilayer perceptrons ({MLP}). These are the mostly widely used neural networks, with applications as diverse as finance (forecasting), manufacturing (process control), and science (speech and image recognition).This book presents an extensive and practical overview of almost every aspect of {MLP} methodology, progressing from an initial discussion of what {MLPs} are and how they might be used to an in-depth examination of technical factors affecting performance. The book can be used as a tool kit by readers interested in applying networks to specific problems, yet it also presents theory and references outlining the last ten years of {MLP} research.},
	author = {Reed, Russel and MarksII, Robert J.},
	publisher = {MIT Press},
	urldate = {2020-08-07},
	year={1999},
	langid = {english},
	note = {Library Catalog: mitpress.mit.edu
Publisher: The {MIT} Press},
	file = {Snapshot:C\:\\Users\\Ed\\Zotero\\storage\\NJQ89YKE\\neural-smithing.html:text/html}
}

@book{geron_maos_2020,
	title = {Mãos à Obra: Aprendizado de Máquina com Scikit-Learn \& {TensorFlow}},
	shorttitle = {Mãos à Obra},
	abstract = {Com uma série de recentes avanços, o aprendizado profundo impulsionou todo o campo do aprendizado de máquina. Agora, mesmo os programadores que têm conhecimento básico nesta área podem utilizar ferramentas simples e eficientes para implementar programas capazes deaprender com dados. Este livro prático mostra como fazê-lo. Utilizando exemplos concretos, uma teoria mínima e duas estruturas Python prontas para produção — Scikit-Learn e {TensorFlow} — o autor Aurélien Géron ajuda você a adquirir uma compreensão intuitiva dos conceitos e ferramentas para a construção de sistemas inteligentes. Você aprenderá uma variedade de técnicas, começando com uma regressão linear simples e progredindo para redes neurais profundas. Com exercícios em cada capítulo para ajudá-lo a aplicar o que aprendeu, você só precisa ter experiência em programação para começar.},
	publisher = {Alta Books},
	author = {Géron, Aurélien},
	year= {2019},
	date = {2020-03-02}
}


@book{kadimisetty_tensorflow_2018,
	title = {{TensorFlow} — A hands-on approach},
	series = {Disponível em: https://towardsdatascience.com/tensorflow-a-hands-on-approach-8614372f021f},
	abstract = {This is the first article in the series of articles I am going to pen down giving an introduction to {TensorFlow} and diving deep into to the…},
	titleaddon = {Medium},
	author = {Kadimisetty, Avinash},
	publisher = {Acesso em 07 de julho de 2020},
	year = {2018},
	date = {2018-07-09},
	langid = {english},
	note = {Library Catalog: towardsdatascience.com},
	file = {Snapshot:C\:\\Users\\Ed\\Zotero\\storage\\TW96XLES\\tensorflow-a-hands-on-approach-8614372f021f.html:text/html}
}

@book{collab_2020,
	title = {Google Colab: o que é e como usar? {\textbar} Alura Cursos Online},
	series = {Disponível em: https://www.alura.com.br/artigos/google-colab-o-que-e-e-como-usar},
	shorttitle = {Google Colab},
	abstract = {O colab da google é uma poderosa ferramenta utilizada por cientistas de dados de todo o mundo, venha conhecer mais sobre ela nesse artigo!!},
	titleaddon = {Alura},
	publisher = {Acesso em 07 de junho de 2020},
	author = {Santos, Thiago G Santos},
	urldate = {2020-08-07},
	year= {2020},
	langid = {brazil},
	note = {Library Catalog: www.alura.com.br},
	file = {Snapshot:C\:\\Users\\Ed\\Zotero\\storage\\7YN7ZUDI\\google-colab-o-que-e-e-como-usar.html:text/html}
}

@article{adam_2017,
	title = {Adam: A Method for Stochastic Optimization},
	url = {http://arxiv.org/abs/1412.6980},
	shorttitle = {Adam},
	abstract = {We introduce Adam, an algorithm for first-order gradient-based optimization of stochastic objective functions, based on adaptive estimates of lower-order moments. The method is straightforward to implement, is computationally efficient, has little memory requirements, is invariant to diagonal rescaling of the gradients, and is well suited for problems that are large in terms of data and/or parameters. The method is also appropriate for non-stationary objectives and problems with very noisy and/or sparse gradients. The hyper-parameters have intuitive interpretations and typically require little tuning. Some connections to related algorithms, on which Adam was inspired, are discussed. We also analyze the theoretical convergence properties of the algorithm and provide a regret bound on the convergence rate that is comparable to the best known results under the online convex optimization framework. Empirical results demonstrate that Adam works well in practice and compares favorably to other stochastic optimization methods. Finally, we discuss {AdaMax}, a variant of Adam based on the infinity norm.},
	journaltitle = {{arXiv}:1412.6980 [cs]},
	author = {Kingma, Diederik P. and Ba, Jimmy},
	urldate = {2020-08-07},
	date = {2017-01-29},
	year= {2017},
	eprinttype = {arxiv},
	eprint = {1412.6980},
	keywords = {Computer Science - Machine Learning},
	file = {arXiv Fulltext PDF:C\:\\Users\\Ed\\Zotero\\storage\\NXE3SJA6\\Kingma e Ba - 2017 - Adam A Method for Stochastic Optimization.pdf:application/pdf;arXiv.org Snapshot:C\:\\Users\\Ed\\Zotero\\storage\\EJI4IMBT\\1412.html:text/html}
}

@thesis{silva_restaurante_2019},
	title = {Aprendizado de máquina com treinamento continuado aplicado à previsão de demanda de curto prazo: o caso do restaurante universitário da Universidade Federal de Uberlandia},
	shorttitle = {Aprendizado de máquina com treinamento continuado aplicado à previsão de demanda de curto prazo},
	institution = {Universidade Federal de Uberlandia},
	type = {Mestrado em Engenharia Elétrica},
	author = {Silva, Leonildo Costa e},
	urldate = {2019-12-15},
	date = {2019-05-27},
	year={2019},
	langid = {portuguese},
	doi = {10.14393/ufu.di.2019.2001}
}

@book{mohri_foundations_2018,
	edition = {2ª},
	title = {Foundations of Machine Learning, Second Edition},
	rights = {Open Access},
	isbn = {978-0-262-03940-6},
	url = {https://mitpress.mit.edu/books/foundations-machine-learning-second-edition},
	series = {Adaptive Computation and Machine Learning},
	abstract = {A new edition of a graduate-level machine learning textbook that focuses on the analysis and theory of algorithms.
                This book is a general introduction to machine learning that can serve as a textbook for graduate students and a reference for researchers. It covers fundamental modern topics in machine learning while providing the theoretical basis and conceptual tools needed for the discussion and justification of algorithms. It also describes several key aspects of the application of these algorithms. The authors aim to present novel theoretical tools and concepts while giving concise proofs even for relatively advanced topics. 
                    Foundations of Machine Learning is unique in its focus on the analysis and theory of algorithms. The first four chapters lay the theoretical foundation for what follows; subsequent chapters are mostly self-contained. Topics covered include the Probably Approximately Correct ({PAC}) learning framework; generalization bounds based on Rademacher complexity and {VC}-dimension; Support Vector Machines ({SVMs}); kernel methods; boosting; on-line learning; multi-class classification; ranking; regression; algorithmic stability; dimensionality reduction; learning automata and languages; and reinforcement learning. Each chapter ends with a set of exercises. Appendixes provide additional material including concise probability review.This second edition offers three new chapters, on model selection, maximum entropy models, and conditional entropy models. New material in the appendixes includes a major section on Fenchel duality, expanded coverage of concentration inequalities, and an entirely new entry on information theory. More than half of the exercises are new to this edition.},
	publisher = {The {MIT} Press},
	author = {Mohri, Mehryar e Rostamizadeh, Afshin e Talwalkar, Ameet},
	urldate = {2019-12-15},
	langid = {english},
	year={2018},
	file = {Snapshot:C\:\\Users\\Ed\\Zotero\\storage\\DNNJQXGQ\\foundations-machine-learning-second-edition.html:text/html}
}

@book{luger_inteligencia_2015,
	edition = {Edição: 4},
	title = {Inteligência Artificial},
	abstract = {Com uma abordagem clara e objetiva, George F. Luger reúne nesta sexta edição as práticas mais recentes do mercado e os tópicos importantes relacionados à inteligência artificial, como computação emergente, representação da incerteza e processamento probabilístico de linguagem natural, entre outros.Muito rica em exemplos práticos, esta obra é ideal para estudantes de ciência da computação, engenharia da computação e sistemas de informação, pois apresenta equilíbrio entre teoria e prática e os conceitos fundamentais da área, com detalhes e informações necessárias para a implementação dos algoritmos e estratégias discutidos no livro.},
	publisher = {ARTMED Editora S.A.},
	author = {Luger, George F.},
	year={2015},
	date = {2015-10-05}
}

@book{alpaydin_introduction_2014,
	edition = {3ª},
	title = {Introduction to Machine Learning, Third Edition},
	isbn = {978-0-262-02818-9},
	url = {https://mitpress.ublish.com/ereader/26/?preview#page/Cover},
	series = {Adaptive Computation and Machine Learning},
	publisher = {The {MIT} Press},
	author = {Alpaydin, Ethem},
	urldate = {2019-12-15},
	year={2014},
	file = {Introduction to Machine Learning, Third Edition:C\:\\Users\\Ed\\Zotero\\storage\\SAU7RP9C\\26.html:text/html}
}

@book{swamynathan_mastering_2019,
	edition = {2ª},
	title = {Mastering Machine Learning with Python in Six Steps: A Practical Implementation Guide to Predictive Data Analytics Using Python},
	isbn = {978-1-4842-4947-5},
	year = {2019},
	url = {https://books.google.com.br/books?id=dEqzDwAAQBAJ},
	publisher = {Apress},
	author = {Swamynathan, M.}	
}

@article{wiederhold_arthur_1992,
	title = {Arthur Samuel: Pioneer in Machine Learning},
	volume = {36},
	issn = {0018-8646},
	doi = {10.1147/rd.363.0329},
	shorttitle = {Arthur Samuel},
	abstract = {Professor Emeritus Arthur L. Samuel died July 29, 1990, in Stanford, california at the age of 89. He was a pioneer of artificial intelligence research whose life spanned a broad personal and scientific history.},
	pages = {329--331},
	number = {3},
	journaltitle = {{IBM} Journal of Research and Development},
	author = {Wiederhold, Gio and {McCarthy}, John},
	date = {1992-05},
	year = {1992},
	file = {IEEE Xplore Abstract Record:C\:\\Users\\Ed\\Zotero\\storage\\Z48YAM2B\\5389723.html:text/html}
}

@book{simon_too_2013,
	title = {Too Big to Ignore: The Business Case for Big Data},
	isbn = {978-1-118-64186-6},
	series = {Wiley and {SAS} Business Series},
	publisher = {Wiley},
	author = {Simon, P.},
	year = {2013},
	lccn = {2013008662}
}

@book{sarkar_2017,
	title = {Practical Machine Learning with Python: A Problem-Solver's Guide to Building Real-World Intelligent Systems},
	isbn = {978-1-4842-3207-1},
	url = {https://books.google.com.br/books?id=9ClEDwAAQBAJ},
	publisher = {Apress},
	author = {Sarkar, D. and Bali, R. and Sharma, T.},
	year = {2017}
}

@book{lima_ia_2016,
	title = {Inteligência Artificial},
	isbn = {978-85-352-7809-5},
	url = {https://books.google.com.br/books?id=qjJeBgAAQBAJ},
	publisher = {Elsevier Brasil},
	author = {Lima, I. and Pinheiro, C.A.M. and Santos, F.A.O.},
	year = {2016}
}



@article{lima_fraud_2012,
	location = {São Paulo/{SP}, Brazil},
	title = {Fraud detection in web transactions},
	isbn = {978-1-4503-1706-1},
	url = {http://dl.acm.org/citation.cfm?doid=2382636.2382695},
	doi = {10.1145/2382636.2382695},
	abstract = {The volume of electronic transactions has raised a lot in last years, mainly due to the popularization of e-commerce. We also observe a signiﬁcant increase in the number of fraud cases, resulting in billions of dollars losses each year worldwide. Therefore it is important and necessary to develop and apply techniques that can assist in fraud detection, which motivates our research. This work aims to apply and evaluate computational intelligence techniques to identify fraud in electronic transactions, more speciﬁcally in credit card operations, using Bayesian Networks and Logistic Regression. In order to evaluate the techniques, we deﬁne a concept of economic efﬁciency and apply them in an actual dataset of the most popular Brazilian electronic payment service. Our results show good performance in fraud detection, presenting gains up to 35.61\% compared to the actual scenario of the company.},
	eventtitle = {the 18th Brazilian symposium},
	pages = {273},
	booktitle = {Proceedings of the 18th Brazilian symposium on Multimedia and the web - {WebMedia} '12},
	publisher = {{ACM} Press},
	author = {Lima, Rafael Alexandre França and Pereira, Adriano Cesar Machado},
	urldate = {2020-06-08},
	year = {2012},
	langid = {portuguese},
	file = {Lima e Pereira - 2012 - Fraud detection in web transactions.pdf:C\:\\Users\\Ed\\Zotero\\storage\\8IEWA7N3\\Lima e Pereira - 2012 - Fraud detection in web transactions.pdf:application/pdf}
}


@article{ferneda_redes_2006,
	title = {Redes neurais e sua aplicação em sistemas de recuperação de informação},
	volume = {35},
	rights = {Direitos autorais 2006 Edberto Ferneda},
	issn = {1518-8353},
	url = {http://revista.ibict.br/ciinf/article/view/1149},
	abstract = {Redes neurais constituem um campo da ciência da computação ligado à inteligência artificial, buscando implementar modelos matemáticos que se assemelhem às estruturas neurais biológicas. Nesse sentido, apresentam capacidade de adaptar os seus parâmetros como resultado da interação com o meio externo, melhorando gradativamente o seu desempenho na solução de um determinado problema. A utilização de redes neurais em sistemas computacionais de recuperação de informação permite atribuir um caráter dinâmico a tais sistemas, dado que as representações dos documentos podem ser reavaliadas e alteradas de acordo com a especificação de relevância atribuída pelos usuários aos documentos recuperados. O presente trabalho apresenta as principais iniciativas de se aplicarem os conceitos de redes neurais aos sistemas de recuperação de informação e avalia sua aplicabilidade em grandes bases documentais, como é o caso da Web.
Palavras-chave
Redes neurais. Recuperação de informação. Sistemas adaptativos.
Neural networks and its application in information retrieval systems
Abstract
Neural networks are a field of Computer Science related to Artificial Intelligence. The field aims at implementing mathematical models that are similar to biological neural structures. It is also capable of adapting its parameters as a result of interactions with the external environment, gradually improving their performance in the solution of a particular task. By using neural networks in computer information retrieval systems one can assign a dynamic character to those systems by allowing the representation of documents to be reevaluated and modified according to specifications of relevance attributed by users to retrieved documents. This work presents the main initiatives in applying neural networks concepts to information retrieval systems and evaluates its applicability to large document databases as is the case of the Web. 
Keywords
Neural networks. Information retrieval. Adaptive systems.},
	number = {1},
	journaltitle = {Ciência da Informação},
	author = {Ferneda, Edberto},
	urldate = {2019-12-15},
	date = {2006-08-22},
	year = {2006},
	langid = {portuguese},
	keywords = {recuperação de informação, redes neurais, sistemas adaptativos},
	file = {Full Text PDF:C\:\\Users\\Ed\\Zotero\\storage\\WR4R6RLK\\Ferneda - 2006 - Redes neurais e sua aplicação em sistemas de recup.pdf:application/pdf;Snapshot:C\:\\Users\\Ed\\Zotero\\storage\\5AURV2HT\\1149.html:text/html}
}

@article{mcculloch_logical_1943,
	title = {A {LOGICAL} {CALCULUS} {OF} {THE} {IDEAS} {IMMANENT} {IN} {NERVOUS} {ACTIVITY}},
	volume = {52},
	pages = {17},
	number = {1},
	journaltitle = {Bulletin of Mathematical Biology},
	author = {Mcculloch, Warren S and Pitts, Walter},
	year = {1943},
	langid = {english},
	file = {Mcculloch e Pitts - A LOGICAL CALCULUS OF THE IDEAS IMMANENT IN NERVOU.pdf:C\:\\Users\\Ed\\Zotero\\storage\\JBG93LIN\\Mcculloch e Pitts - A LOGICAL CALCULUS OF THE IDEAS IMMANENT IN NERVOU.pdf:application/pdf}
}

@article{rosenblatt_perceptron:_1958,
	title = {The perceptron: A probabilistic model for information storage and organization in the brain},
	volume = {65},
	issn = {1939-1471(Electronic),0033-295X(Print)},
	doi = {10.1037/h0042519},
	shorttitle = {The perceptron},
	abstract = {To answer the questions of how information about the physical world is sensed, in what form is information remembered, and how does information retained in memory influence recognition and behavior, a theory is developed for a hypothetical nervous system called a perceptron. The theory serves as a bridge between biophysics and psychology. It is possible to predict learning curves from neurological variables and vice versa. The quantitative statistical approach is fruitful in the understanding of the organization of cognitive systems. 18 references. ({PsycINFO} Database Record (c) 2016 {APA}, all rights reserved)},
	pages = {386--408},
	number = {6},
	journaltitle = {Psychological Review},
	author = {Rosenblatt, F.},
	year = {1958},
	keywords = {Brain, Cognition, Memory, Nervous System},
	file = {Snapshot:C\:\\Users\\Ed\\Zotero\\storage\\VJAFSR2F\\1959-09865-001.html:text/html}
}
@book{minsky_perceptrons:_1969,
	title = {Perceptrons: An Introduction to Computational Geometry},
	url = {https://books.google.com.br/books?id=KhI-uwEACAAJ},
	publisher = {{MIT} Press},
	author = {Minsky, M.L. and Papert, S.},
	year = {1969}
}
@book{haykin_redes_2001,
	title = {Redes Neurais - 2ed.},
	isbn = {978-85-7307-718-6},
	url = {https://books.google.com.br/books?id=KzP4wAEACAAJ},
	publisher = {Bookman},
	author = {Haykin, S.},
	year = {2001}
}

@book{hagan_neural_1996,
	title = {Neural Network Design},
	isbn = {978-0-534-95259-4},
	abstract = {This book provides a clear and detailed survey of basic neural network architectures and learning rules. In it, the authors emphasize mathematical analysis of networks, methods for training networks, and appication of networks to practical engineering problems in pattern recognition, signal processing, and control systems.},
	pagetotal = {book},
	publisher = {Brooks/Cole},
	author = {Hagan, Martin T. and Demuth, Howard B. and Beale, Mark H.},
	date = {1996},
	langid = {english},
	note = {Google-Books-{ID}: {cUNJAAAACAAJ}}
}
@article{cortes_svm_1995,
	title = {Support-vector networks},
	volume = {20},
	issn = {1573-0565},
	url = {https://doi.org/10.1007/BF00994018},
	doi = {10.1007/BF00994018},
	abstract = {Thesupport-vector network is a new learning machine for two-group classification problems. The machine conceptually implements the following idea: input vectors are non-linearly mapped to a very high-dimension feature space. In this feature space a linear decision surface is constructed. Special properties of the decision surface ensures high generalization ability of the learning machine. The idea behind the support-vector network was previously implemented for the restricted case where the training data can be separated without errors. We here extend this result to non-separable training data.High generalization ability of support-vector networks utilizing polynomial input transformations is demonstrated. We also compare the performance of the support-vector network to various classical learning algorithms that all took part in a benchmark study of Optical Character Recognition.},
	pages = {273--297},
	number = {3},
	journaltitle = {Mach Learn},
	author = {Cortes, Corinna and Vapnik, Vladimir},
	urldate = {2019-12-16},
	date = {1995-09-01},
	year={1995},
	langid = {english},
	keywords = {efficient learning algorithms, neural networks, pattern recognition, polynomial classifiers, radial basis function classifiers}	
}
@thesis{ueda_tese_2012},
	location = {São Paulo},
	title = {Análise de políticas de controle de acesso baseado em papéis com rede de Petri colorida},
	url = {http://www.teses.usp.br/teses/disponiveis/3/3141/tde-08032013-120904/},
	institution = {Universidade de São Paulo},
	type = {Doutorado em Sistemas Digitais},
	author = {Ueda, Eduardo Takeo},
	urldate = {2019-12-16},
	date = {2012-05-24},
	year = {2012},
	langid = {portuguese},
	doi = {10.11606/T.3.2012.tde-08032013-120904}	
}
@report{sarkis_alise_2016,
	location = {Niterói},
	title = {Análise comparativa de modelos de extensões de controle de acesso baseado em papéis-{RBAC}},
	institution = {Universidade Federal Fluminense},
	type = {Estudo Orientado},
	author = {Sarkis, Laura Costa},
	year = {2016}
}
@article{li_security_2006,
	title = {Security Analysis in Role-Based Access Control},
	pages = {28},
	author = {Li, Ninghui and Tripunitara, Mahesh V},
	langid = {english},
	year = {2006},
	publisher = {ACM Trans. Inf. Syst. Secur. ACM, New York. v.9. p.391-420},
	file = {Li e Tripunitara - Security Analysis in Role-Based Access Control.pdf:C\:\\Users\\Ed\\Zotero\\storage\\RB4SVWPQ\\Li e Tripunitara - Security Analysis in Role-Based Access Control.pdf:application/pdf}
}

@inproceedings{sarkis:artigo:2016,
	author = {Sarkis, Laura Costa and da Silva, Viviane Torres and Braga, Christiano},
	title = {Detecting Indirect Conflicts Between Access Control Policies},
	booktitle = {Proceedings of the 31st Annual ACM Symposium on Applied Computing},
	series = {SAC '16},
	year = {2016},
	isbn = {978-1-4503-3739-7},
	location = {Pisa, Italy},
	pages = {1570--1572},
	numpages = {3},
	url = {http://doi.acm.org/10.1145/2851613.2851979},
	doi = {10.1145/2851613.2851979},
	acmid = {2851979},
	publisher = {ACM},	
	address = {New York, NY, USA},
	keywords = {access control policy, conflict detection, indirect conflict}
}

@inproceedings{wang_conflicts_2010,
	title = {Conflicts analysis and resolution for access control policies},
	doi = {10.1109/ICITIS.2010.5689459},
	abstract = {Access control is the central mechanism for achieving security requirements in information systems. The guarantee of the security requirements, described by access control policies ({ACPs}), cannot be obtained when there exist conflicts in {ACPs}. In this paper, we propose an improved access control model that is flexible and effective for conflict analysis of {ACPs}. We analyze three types of policy conflicts in this model, which are modality conflict, redundancy conflict and potential conflict, and then the respective resolution methods are proposed. Finally, we prove that these methods can effectively resolve conflicts in {ACPs}, and that after resolving the potential conflicts, the policies cannot derive any actual conflict.},
	eventtitle = {2010 {IEEE} International Conference on Information Theory and Information Security},
	pages = {264--267},
	booktitle = {2010 {IEEE} International Conference on Information Theory and Information Security},
	author = {Yigong Wang and Hongqi Zhang and Xiangdong Dai and Jiang Liu},
	date = {2010-12},
	note = {{ISSN}: null},
	year= {2010},
	keywords = {access control model, access control policy, {ACP}, Analytical models, authorisation, Authorization, central mechanism, Computer architecture, conflict analysis, conflict resolution, conflicts analysis, information systems, Information systems, modality conflict, policy conflict, potential conflict, Redundancy, redundancy conflict, security requirements},
	file = {IEEE Xplore Abstract Record:C\:\\Users\\Ed\\Zotero\\storage\\A6UREDUW\\5689459.html:text/html}
}

@article{sandhu:1996,
	author = {Sandhu, Ravi and Samarati, Pierangela},
	title = {Authentication, Access Control, and Audit},
	journal = {ACM Comput. Surv.},
	issue_date = {March 1996},
	volume = {28},
	number = {1},
	month = {mar},
	year = {1996},
	issn = {0360-0300},
	pages = {241--243},
	numpages = {3},
	acmid = {234412},
	publisher = {ACM},
	address = {New York, NY, USA}
}
@inproceedings{di_vimercati_policies_2005,
	location = {Berlin, Heidelberg},
	title = {Policies, Models, and Languages for Access Control},
	isbn = {978-3-540-31970-2},
	doi = {10.1007/978-3-540-31970-2_18},
	series = {Lecture Notes in Computer Science},
	abstract = {Access control is the process of mediating every request to data and services maintained by a system and determining whether the request should be granted or denied. Expressiveness and flexibility are top requirements for an access control system together with, and usually in conflict with, simplicity and efficiency. In this paper, we discuss the main desiderata for access control systems and illustrate the main characteristics of access control solutions.},
	pages = {225--237},
	booktitle = {Databases in Networked Information Systems},
	publisher = {Springer},
	author = {De Capitani di Vimercati, Sabrina and Samarati, Pierangela and Jajodia, Sushil},
	editor = {Bhalla, Subhash},
	year = {2005},
	langid = {english},
	keywords = {Access Control, Access Control Model, Access Control Policy, Access Control System, Logic Program}
}

@inproceedings{dunlop_dynamic_2002,
	title = {Dynamic conflict detection in policy-based management systems},
	doi = {10.1109/EDOC.2002.1137693},
	abstract = {While advances in open distributed systems have undoubtedly provided a uniquely diverse environment for users, managing the resources within such an environment has become an increasingly complex task. This challenge has been considered for several years within the distributed systems management research community and we have recently seen policy-based management emerge as one such promising exemplification. The focus of our work has been predominantly on supporting the requirements of large evolving enterprises. Such environments present a significant challenge for policy-based management as the fluidity and complexity of interactions occurring in such environments mean that prevailing static-based specification and analysis of policies and roles, would be inadequate in many instances. We are therefore interested in providing support for a dynamic policy-based management environment. This paper discusses the critical nature of providing both dynamic and static conflict detection and resolution and introduces a scalable computationally-efficient dynamic conflict detection mechanism.},
	eventtitle = {Proceedings. Sixth International Enterprise Distributed Object Computing},
	pages = {15--26},
	booktitle = {Proceedings. Sixth International Enterprise Distributed Object Computing},
	author = {Dunlop, N. and Indulska, J. and Raymond, K.},
	date = {2002-09},
	year = {2002},
	note = {{ISSN}: null},
	keywords = {Australia, Cyclic redundancy check, Distributed computing, distributed object management, dynamic policy-based management environment, Environmental management, Fluid dynamics, Information technology, large evolving enterprises, Object detection, open distributed systems, open systems, Resource management, Runtime, scalable computationally efficient dynamic conflict detection mechanism, static conflict detection, Telecommunication computing},
	file = {IEEE Xplore Abstract Record:C\:\\Users\\Ed\\Zotero\\storage\\AE6BZPYA\\1137693.html:text/html}
}
@article{moffett_policy_1994,
	title = {Policy conflict analysis in distributed system management},
	volume = {4},
	issn = {1054-1721},
	url = {https://doi.org/10.1080/10919399409540214},
	doi = {10.1080/10919399409540214},
	abstract = {Distributed system management is concerned with the tasks needed to ensure that large distributed systems can function in accordance with the objectives of their users. These objectives are typically set out in the form of policies that are interpreted by the system managers. There are benefits to be gained by providing automated support for human managers, or actually automating routine management tasks. To do this, it is desirable to have a model of policies as objects that can be interpreted by the system itself. The model is summarized. It is clear that there is the potential for conflicts between policies. These conflicts may be resolved informally by human managers, but if an automated system is to recognize them and resolve them appropriately, first it is necessary to analyze the types of conflict that may occur. We analyze the types of overlap that may occur between policies, and show that this analysis corresponds to several familiar types of policy conflict. Some possible approaches to the prevention and resolution of conflicts are suggested, and this work is put into the context of other work on policies and related areas, including deontic logic.},
	pages = {1--22},
	number = {1},
	journaltitle = {Journal of Organizational Computing},
	author = {Moffett, Jonathan D. and Sloman, Morris S.},
	urldate = {2019-12-16},
	date = {1994-01-01},
	year = {1994},
	keywords = {authority, conflict resolution, distributed system management, management policy, policy conflicts},
	file = {Snapshot:C\:\\Users\\Ed\\Zotero\\storage\\L9Z66JTC\\10919399409540214.html:text/html;Versão aceita:C\:\\Users\\Ed\\Zotero\\storage\\BNGEZJX7\\Moffett e Sloman - 1994 - Policy conflict analysis in distributed system man.pdf:application/pdf}
}
@book{eibe2016,
	title = {Data Mining: Practical Machine Learning Tools and Techniques},
	isbn = {978-0-12-804357-8},
	url = {https://books.google.com.br/books?id=1SylCgAAQBAJ},
	series = {The Morgan Kaufmann Series in Data Management Systems},
	publisher = {Elsevier Science},
	author = {Witten, I.H. and Eibe, F. and Hall, M.A. and Pal, C.J.},
	year = {2016}
}
@article{thenmozhi_multi-lingual_2018,
	title = {Multi-lingual Author Proﬁling on {SMS} Messages using Machine Learning Approach with Statistical Feature Selection},
	url = {https://pdfs.semanticscholar.org/5d3e/7741c33bc7613fd4d5a7711d7f33830dc28f.pdf},
	abstract = {Authorship proﬁling is the process of identifying authors’ demographic traits by analyzing their written text. It has several applications in areas such as security and forensic analysis. People use social media as a major platform to share their thoughts and ideas. However, they use more than one language for their writings. It is a challenging task to perform author proﬁling from multilingual short text. In this paper, we present our methodology for a task to identify gender and age of the author from their {SMS} messages using a machine learning approach. We have used a statistical feature selection methodology to select the features that are signiﬁcantly contributing for the gender and age classiﬁcations. We have performed paired t-test to show that the improvement in performance using feature selection is statistically signiﬁcant. We have evaluated our methodology using the data set given by {MAPonSMS}@{FIRE}20181 shared task, and have obtained 85\% and 63\% accuracy for gender and age classiﬁcations respectively.},
	pages = {9},
	author = {Thenmozhi, D and Kalaivani, A and Aravindan, Chandrabose},
	date = {2018},
	year = {2018},
	langid = {english},
	file = {Thenmozhi et al. - Multi-lingual Author Proﬁling on SMS Messages usin.pdf:C\:\\Users\\Ed\\Zotero\\storage\\2YWCWWHY\\Thenmozhi et al. - Multi-lingual Author Proﬁling on SMS Messages usin.pdf:application/pdf}
}
@thesis{santos_um_2013},
	location = {Fortaleza, Ceará},
	title = {Um Modelo Preditivo de Classificação de Operações de Crédito},
	abstract = {Um sistema de classificação dc credito eficiente é fundamental para que uma Instituição Financeira({IF}) possa realizar uma boa gestão de risco de credito. No Brasil, as operações de crédito de {IFs} devem ser classificadas em nove níveis de risco, conforme Resolução 2.68299 do Conselho Monetário Nacional. O provisionamento para crédito de liquidação duvidosa é constituído em função da classificação da operação, assim, quanto pior a classificação da operação, maior o valor a ser provisionado. De acordo com o Novo Acordo de Basileia, as classificações de risco de crédito são relevantes para determinar o capital exigido das {IFs} ara absorver perdas ines cradas em seus portfólios de crédito.
Esta pesquisa tem como objetivo desenvolver um modelo preditivo de classificação de operações, de forma a permitir às {IFs} se antecipar em tomar medidas preventivas quanto ao risco de crédito. Para tanto, foram analisadas dados das o eraçõcs de longo prazo de uma grande instituição financeira brasileira, no período de janeiro de 2010 a dezembro de 2012. Esses dados foram submetidos a uma Rede Neural Artificial! {RNA}).
Para determinar o poder discriminatório do modelo foi utilizada a Receurr Opcrating
Charactenstwf {ROC}). A Ikisc de dados submetida a {RN} A foi dividida em três partições, uma de treinamento, uma de teste e uma de validação. O desempenho da {RNA}. em cada partição, foi de 98.54\%. 98.43\% e 98.53\% rcspcctivamente. A menor área sob a curva
{ROC} foi de 0.7459. Os resultados obtidos foram satisfatórios e mostraram o quanto uma aplicação de {RNA} pode contribuir para às {IFs} de crédito, ao antecipar eventos que podem afetar sua capacidade de concessão de crédito.},
	pagetotal = {107},
	institution = {Instituto Federal de Educação do Ceará - {IFCE}},
	type = {phdthesis},
	author = {Santos, Francisco Jackson dos},
	year = {2013}
}

@article{wu2007,
	author = {Wu, Xindong and Kumar, Vipin and Ross Quinlan, J. and Ghosh, Joydeep and Yang, Qiang and Motoda, Hiroshi and McLachlan, Geoffrey J. and Ng, Angus and Liu, Bing and Yu, Philip S. and Zhou, Zhi-Hua and Steinbach, Michael and Hand, David J. and Steinberg, Dan},
	title = {Top 10 Algorithms in Data Mining},
	journal = {Knowl. Inf. Syst.},
	issue_date = {December 2007},
	volume = {14},
	number = {1},
	month = {dec},
	year = {2007},
	issn = {0219-1377},
	pages = {1--37},
	numpages = {37},
	url = {http://dx.doi.org/10.1007/s10115-007-0114-2},
	doi = {10.1007/s10115-007-0114-2},
	acmid = {1327436},
	publisher = {Springer-Verlag New York, Inc.},
	address = {New York, NY, USA},
} 

@article{shoham_tennenholtz_1995,
	title = {On social laws for artificial agent societies: off-line design},
	year = {1995},
	volume = {73},
	issn = {00043702},
	url = {https://linkinghub.elsevier.com/retrieve/pii/000437029400007N},
	linkinghub = {https://pdf.sciencedirectassets.com/271585/1-s2.0-S0004370200X00197/1-s2.0-000437029400007N/main.pdf?X-Amz-Security-Token=IQoJb3JpZ2luX2VjEJ%2F%2F%2F%2F%2F%2F%2F%2F%2F%2F%2FwEaCXVzLWVhc3QtMSJGMEQCIEZq7a7RqqiitSe5YNGYp%2B0Egzh%2BpcvxZfbpSNHP0sz3AiBOzHsITMJH7GZACVSN52ey55OZE1Bz1V6EQDS8RJlbKCq0AwhnEAMaDDA1OTAwMzU0Njg2NSIMyKS7IJXA7jAUM5RyKpEDrIC70qwqP1sQ56kuB5BOtyE58oU9vVptmlPtA93Ov%2BJ9gwYqPVOus9pTZXd%2BZpl6xabXBgWkbLt9wJKEQu5jMcwx5YYTDZkUWEVNwxZ48vIfyLpdEd0U4ocIc6qOES3wc2oH%2B%2By0058gIFtsyqR%2BBgCGUH%2FlNFuR0BLmcjbM1kjWS2WQqZBusKSTYzBRZZrvsfEvRnbrsYlPuB3DRWJK1tYjUXzlZyRnYDUTEGeKS9gD8KZd3lA8hq9O2th8Ewv5wUcWIACWCXyZ%2Bx5WUJIG1NbyuRSZJ3tKu27v9hEq6BmdwFC83eVqzOjREUD7NavNeOXx7fyn9wdc0zjfwiBPdH0vwTs0sUm%2BZC2cwiOQ6cXGBfhomMDkrztDkTic4fM0pMzwfV56Gt7I96LC1klpvjOfqCv3soyEPUvqDykMpNUBEnn4RNSx6JwgmAkEOd6vQbz38jCA%2FxjtJUJKOpWexcU65%2Bz1PHuKcqUFhB8hwRY9DsL37fnB6P8r3jGdX4gTO%2Fz6BswOMDLb0vMBQICfweUw5tKX%2BQU67AFp3We7%2BHSvsA2zZWZCIGyNrdqOCpp3wOHYPUinfoeFDRkScZySlBm%2FvREZe0s2SRyAney38Lt6Ji%2Bl%2FFJAqwXrL5Wmi8eF9lHoGykTzTsXiyP9qVbRqJjighPWy4YZdaE03Rs8wZwV%2FQeM%2F3OkYcFAd8oBP7DX6X4pUub3%2BARjyk8nPDzvVwgqj72qGPAXgvic6v8P45bCbs10YOhfRCXpwH5i7vDcCRNuMF2fjDKn50rNFAW1UTPwj2hsBdYAH35RSSuPQZg%2Bgcwbr2U0WiRm014M5U%2F%2F1bA67na7PX8MAiSl9t%2Bqu6tugN9w2Q%3D%3D&X-Amz-Algorithm=AWS4-HMAC-SHA256&X-Amz-Date=20200801T232840Z&X-Amz-SignedHeaders=host&X-Amz-Expires=300&X-Amz-Credential=ASIAQ3PHCVTY5TRA6KZU%2F20200801%2Fus-east-1%2Fs3%2Faws4_request&X-Amz-Signature=1cc97098b13a81328d07a441f609182719b3d4f8e7916efb4cea50ea5631e479&hash=3dd57190cd2b82b7af8c9dfc4db845ae1d793ce11d8913b868c36255c2c8ca32&host=68042c943591013ac2b2430a89b270f6af2c76d8dfd086a07176afe7c76c2c61&pii=000437029400007N&tid=spdf-b952ea84-e833-42d5-b14d-758fcb656cde&sid=7c09612889b5e04985695a9-b9bf08becda4gxrqa&type=client},
	doi = {10.1016/0004-3702(94)00007-N},
	shorttitle = {On social laws for artificial agent societies},
	abstract = {We are concerned with the utility of social laws in a computational environment, laws which guarantee the successful coexistence of multiple programs and programmers. In this paper we are interested in the off-line design of social laws, where we as designers must decide ahead of time on useful social laws. In the first part of this paper we suggest the use of social laws in the domain of mobile robots, and prove analytic results about the usefulness of this approach in that setting. In the second part of this paper we present a general model of social law in a computational system, and investigate some of its properties. This includes a definition of the basic computational problem involved with the design of multi-agent systems, and an investigation of the automatic synthesis of useful social laws in the framework of a model which refers explicitly to social laws.},
	pages = {231--252},
	number = {1},
	journaltitle = {Artificial Intelligence},
	author = {Shoham, Yoav and Tennenholtz, Moshe},
	urldate = {2020-08-01},
	date = {1995-02},	
	langid = {english},
	file = {main.pdf:C\:\\Users\\Ed\\Zotero\\storage\\2KL5DYWR\\main.pdf:application/pdf}
}

@thesis{eduardo2017},
	title = {Verificação de conflitos entre múltiplas normas em sistemas multiagentes},
	location = {Niterói},	
	abstract = {Em sistemas multiagentes abertos, normas são utilizadas para regular o comportamento 
dos agentes autônomos, heterogêneos e concebidos de forma independente. Normas descrevem 
o comportamento que pode ser executado, deve ser executado e não pode ser executado no 
sistema.  Um  dos  principais  desafios  no  desenvolvimento  de  sistemas  normativos  é  que  as 
normas podem entrar em conflito umas com as outras. Normas estão em conflito quando o 
cumprimento de uma norma viola a outra e vice-versa. Em trabalhos anteriores, os Conflict 
Checkers consideravam que conflitos podem ser detectados simplesmente analisando as normas 
em  pares.  Entretanto,  existem  conflitos  que  só  podem  ser  detectados  apenas  quando  várias 
normas  são  analisadas  em  conjunto. Este trabalho  apresenta  um  Conflict  Checker  capaz  de 
verificar  conflitos  entre  duas  ou  mais  normas  ao  mesmo  tempo.  A  estratégia  do  Conflict 
Checker é dividida em três passos: (1) aplicação de filtros para suavizar o custo computacional 
na  maioria  dos  casos,  pois,  o  problema  é  intrinsicamente  exponencial  (SHOHAM; 
TENNENHOLTZ, 1995), (2) transformação deôntica é utilizada para análise de várias normas 
ao mesmo tempo e (3) interseção entre as normas para verificação dos conflitos. Uma nova 
linguagem normativa mais expressiva, representada por uma gramática BNF, foi desenvolvida 
para definição de normas e um Conflict Checker foi implementado em formato de ferramenta. 
Dois princípios de validação foram aplicados: teste de software e verificação formal. O teste de 
software propôs inúmeros casos de teste para testar a capacidade de capturar conflitos e os 
benefícios da utilização dos filtros para suavizar a complexidade do problema. A verificação 
formal utilizou a técnica de DBC (Design-by-Contract - Design por Contrato) implementada 
pela JML (Java Modeling Language) na plataforma KeY para provar a corretude dos métodos. 
A estratégia desenvolvida nesta tese surge como uma nova sintaxe para definição e verificação 
de conflitos em sistemas multiagentes. },
	pagetotal = {146},
	institution = {Universidade Federal Fluminense},
	type = {Tese de Doutorado},
  	year={2017},
	author = {Silvestre, Eduardo Augisto}
}

@thesis{sarkis2017},
	title = {Uma abordagem para detecção de conflitos indiretos entre políticas de controle de acesso},
	location = {Niterói},	
	abstract = {A constante evolução dos sistemas computacionais faz com que o uso de abordagens para a
gestão de requisitos de segurança seja uma necessidade contínua e crescente. Nestes sistemas,
um dos principais componentes de segurança é o controle de acesso. Políticas de controle de
acesso são um meio de definir acessos autorizados e não autorizados aos objetos. Estas políticas
autorizam, proíbem ou obrigam sujeitos a realizar ações sobre objetos. Nos sistemas em que
existem várias políticas descritas, conflitos entre tais políticas podem surgir. Duas políticas
estão em conflito, quando o cumprimento de uma política viola o cumprimento da outra política.
O conflito entre políticas pode ser detectado de maneira direta, observando a sobreposição de
atributos da política (isto é, sujeitos, ações e objetos) e de maneira indireta, através da análise
dos relacionamentos implícitos entre os atributos das duas políticas verificadas. Neste último
caso, os conflitos ocorrem entre as políticas que regulam o comportamento de diferentes, mas
relacionados sujeitos, especificando ações diferentes, mas relacionadas, que acessam diferentes,
mas relacionados, objetos. Este trabalho propõe uma abordagem para detectar esses tipos de
conflitos entre as diferentes políticas, concentrando-se principalmente no segundo tipo de
conflito, que denominamos de conflito indireto. Nesse sentido, as contribuições deste trabalho
incluem: a definição da política utilizada; um conjunto de relacionamentos que podem ocorrer
entre os atributos que compõe uma política (organização, sujeitos, papéis, objetos, visões, ação
e atividades); um conjunto de regras de propagação e de regras de conflitos. Três cenários com
políticas de sistemas reais são descritos na análise para detectar conflitos. A ferramenta
desenvolvida Conflict Detector recebe como entrada um conjunto de políticas de controle de
acesso, um conjunto de relacionamentos entre os atributos destas políticas e fornece como saída,
no caso da existência de conflitos, a identificação do conflito e as políticas que estão em
conflito.},
	pagetotal = {98},
	institution = {Universidade Federal Fluminense},
	type = {Tese de Doutorado},
  	year={2017},
	author = {Sarkis, Laura Costa}
}

@article{kuhlmann_role_nodate,
	title = {Role {Mining} - {Revealing} {Business} {Roles} for {Security} {Administration} using {Data} {Mining} {Technology}},
	abstract = {In this paper we describe the work devising a new technique for role-finding to implement Role-Based Security Administration. Our results stem from industrial projects, where large-scale customers wanted to migrate to Role-Based Access Control (RBAC) based on already existing access rights patterns in their production IT-systems.},
	language = {en},
	author = {Kuhlmann, Martin and Shohat, Dalia and Schimpf, Gerhard},
	pages = {8},
	file = {Kuhlmann et al. - Role Mining - Revealing Business Roles for Securit.pdf:C\:\\Users\\Ed\\Zotero\\storage\\VA53MJHH\\Kuhlmann et al. - Role Mining - Revealing Business Roles for Securit.pdf:application/pdf}
}

@inproceedings{bui_efficient_2019,
	address = {New York, NY, USA},
	series = {{SACMAT} '19},
	title = {Efficient and {Extensible} {Policy} {Mining} for {Relationship}-{Based} {Access} {Control}},
	isbn = {978-1-4503-6753-0},
	url = {http://doi.acm.org/10.1145/3322431.3325106},
	doi = {10.1145/3322431.3325106},
	abstract = {Relationship-based access control (ReBAC) is a flexible and expressive framework that allows policies to be expressed in terms of chains of relationship between entities as well as attributes of entities. ReBAC policy mining algorithms have a potential to significantly reduce the cost of migration from legacy access control systems to ReBAC, by partially automating the development of a ReBAC policy. Existing ReBAC policy mining algorithms support a policy language with a limited set of operators; this limits their applicability. This paper presents a ReBAC policy mining algorithm designed to be both (1) easily extensible (to support additional policy language features) and (2) scalable. The algorithm is based on Bui et al.'s evolutionary algorithm for ReBAC policy mining algorithm. First, we simplify their algorithm, in order to make it easier to extend and provide a methodology that extends it to handle new policy language features. However, extending the policy language increases the search space of candidate policies explored by the evolutionary algorithm, thus causes longer running time and/or worse results. To address the problem, we enhance the algorithm with a feature selection phase. The enhancement utilizes a neural network to identify useful features. We use the result of feature selection to reduce the evolutionary algorithm's search space. The new algorithm is easy to extend and, as shown by our experiments, is more efficient and produces better policies.},
	urldate = {2019-09-12},
	booktitle = {Proceedings of the 24th {ACM} {Symposium} on {Access} {Control} {Models} and {Technologies}},
	publisher = {ACM},
	author = {Bui, Thang and Stoller, Scott D. and Le, Hieu},
	year = {2019},
	note = {event-place: Toronto ON, Canada},
	keywords = {attribute-based access control, feature selection, relationship-based access control, security policy mining},
	pages = {161--172}
}


@inproceedings{fong_relationship-based_2011,
	location = {San Antonio, {TX}, {USA}},
	title = {Relationship-based access control: protection model and policy language},
	isbn = {978-1-4503-0466-5},
	year = {2011},
	url = {https://doi.org/10.1145/1943513.1943539},
	doi = {10.1145/1943513.1943539},
	series = {{CODASPY} '11},
	shorttitle = {Relationship-based access control},
	abstract = {Social Network Systems pioneer a paradigm of access control that is distinct from traditional approaches to access control. Gates coined the term Relationship-Based Access Control ({ReBAC}) to refer to this paradigm. {ReBAC} is characterized by the explicit tracking of interpersonal relationships between users, and the expression of access control policies in terms of these relationships. This work explores what it takes to widen the applicability of {ReBAC} to application domains other than social computing. To this end, we formulate an archetypical {ReBAC} model to capture the essence of the paradigm, that is, authorization decisions are based on the relationship between the resource owner and the resource accessor in a social network maintained by the protection system. A novelty of the model is that it captures the contextual nature of relationships. We devise a policy language, based on modal logic, for composing access control policies that support delegation of trust. We use a case study in the domain of Electronic Health Records to demonstrate the utility of our model and its policy language. This work provides initial evidence to the feasibility and utility of {ReBAC} as a general-purpose paradigm of access control.},
	pages = {191--202},
	booktitle = {Proceedings of the first {ACM} conference on Data and application security and privacy},
	publisher = {Association for Computing Machinery},
	author = {Fong, Philip W.L.},
	urldate = {2020-08-05},
	date = {2011-02-21},
	keywords = {contexts, electronic health records, modal logic, policy language, relationship-based access control, social networks}
}


@article{elrakaiby_formal_2012,
	title = {Formal enforcement and management of obligation policies},
	volume = {71},
	issn = {0169-023X},
	url = {http://www.sciencedirect.com/science/article/pii/S0169023X11001248},
	doi = {10.1016/j.datak.2011.09.001},
	abstract = {Obligations are generally actions that users are required to take and are essential for the expression of a large number of requirements. For instance, obligation actions may represent prerequisites to gain some privilege (pre obligations), to satisfy some ongoing or post requirement for resource usage (ongoing and post obligations), or to adhere to some privacy or availability policy. Obligations may also define states of affairs which should be maintained. An example of such obligations is the obligation “doctors should remain alert while in the operating room”. In this paper, we introduce a formal framework for the management and enforcement of obligation policies. The framework is formalized using concepts from action specification languages and the Event Condition Action paradigm of active databases. Therefore, our framework allows reasoning about change in the state of obligations and, at the same time, provides declarative formal semantics for their enforcement. In this framework, we support many types of obligations and show how to manage obligation activation, fulfillment and violation.},
	pages = {127--147},
	number = {1},
	journaltitle = {Data \& Knowledge Engineering},
	author = {Elrakaiby, Yehia and Cuppens, Frédéric and Cuppens-Boulahia, Nora},
	urldate = {2020-08-06},
	date = {2012-01-01},
	year = {2012},
	langid = {english},
	keywords = {Conceptual modeling, Obligation monitoring, Obligation policies, Obligations, Policy languages, Policy management, Security},
	file = {ScienceDirect Snapshot:C\:\\Users\\Ed\\Zotero\\storage\\EBS8QJ87\\S0169023X11001248.html:text/html}
}


@inproceedings{kalam_organization_2003,
	title = {Organization based access control},
	doi = {10.1109/POLICY.2003.1206966},
	abstract = {None of the classical access control models such as {DAC}, {MAC}, {RBAC}, {TBAC} or {TMAC} is fully satisfactory to model security policies that are not restricted to static permissions but also include contextual rules related to permissions, prohibitions, obligations and recommendations. This is typically the case of security policies that apply to the health care domain. We suggest a new model that provides solutions to specify such contextual security policies. This model, called organization based access control, is presented using a formal language based on first-order logic.},
	eventtitle = {Proceedings {POLICY} 2003. {IEEE} 4th International Workshop on Policies for Distributed Systems and Networks},
	pages = {120--131},
	booktitle = {Proceedings {POLICY} 2003. {IEEE} 4th International Workshop on Policies for Distributed Systems and Networks},
	author = {Kalam, A.A.E. and Baida, R.E. and Balbiani, P. and Benferhat, S. and Cuppens, F. and Deswarte, Y. and Miege, A. and Saurel, C. and Trouessin, G.},
	date = {2003-06},
	year = {2003},
	keywords = {Access control, authorisation, Conferences, Context modeling, contextual security policy, first order logic, formal language, formal languages, Formal languages, formal logic, health care, Information security, Information systems, Lenses, Logic, Medical services, organization based access control, Permission},
	file = {IEEE Xplore Abstract Record:C\:\\Users\\Ed\\Zotero\\storage\\N6LU2A2A\\1206966.html:text/html}
}

@article{cuppens_high_2007,
	title = {High Level Conflict Management Strategies in Advanced Access Control Models},
	volume = {186},
	issn = {15710661},
	url = {https://linkinghub.elsevier.com/retrieve/pii/S1571066107004562},
	doi = {10.1016/j.entcs.2007.01.064},
	abstract = {Specifying a security policy that includes both permissions and prohibitions, may lead to conﬂicts. This corresponds to a situation where a subject is both permitted and prohibited to perform a given action on a given object. We adopt a comparative approach to investigate this problem. We ﬁrst investigate access control models based on rules, called Rule-{BAC}, and present weaknesses that arise when we try to manage conﬂicts in this model. In particular, Rule-{BAC} models fail to provide decidable solution to redundant rules and potential conﬂicts problems. Then, we show how a more structured model, say {OR}-{BAC} (Organization Based Access Control), gifted with inheritance mechanism make redundant rules and potential conﬂict problems tractable in polynomial time.},
	pages = {3--26},
	journaltitle = {Electronic Notes in Theoretical Computer Science},
	author = {Cuppens, Frédéric and Cuppens-Boulahia, Nora and Ghorbel, Meriam Ben},
	urldate = {2020-08-06},
	date = {2007-07},
	year={2007},
	langid = {english},
	file = {Cuppens et al. - 2007 - High Level Conflict Management Strategies in Advan.pdf:C\:\\Users\\Ed\\Zotero\\storage\\9IXFPEN4\\Cuppens et al. - 2007 - High Level Conflict Management Strategies in Advan.pdf:application/pdf}
}

@misc{noauthor_libsvm_nodate,
	title = {{LIBSVM} -- {A} {Library} for {Support} {Vector} {Machines}},
	url = {https://www.csie.ntu.edu.tw/~cjlin/libsvm/},
	urldate = {2019-11-26},
	file = {LIBSVM -- A Library for Support Vector Machines:C\:\\Users\\Ed\\Zotero\\storage\\ET4GF3EU\\libsvm.html:text/html}
}

@book{tukey_exploratory_1970,
	series = {Exploratory {Data} {Analysis}},
	title = {Exploratory {Data} {Analysis}},
	isbn = {978-0-608-08225-7},
	url = {https://books.google.com.br/books?id=AzOYwgEACAAJ},
	publisher = {Addison Wesley Publishing Company},
	author = {Tukey, J.W.},
	year = {1970}
}

@article{obaidat_multilayer_1994,
	title = {A multilayer neural network system for computer access security},
	volume = {24},
	issn = {2168-2909},
	doi = {10.1109/21.293498},
	abstract = {This paper presents a new multilayer neural network system to identify computer users. The input vectors were made up of the time intervals between successive keystrokes created by users while typing a known sequence of characters. Each input vector was classified into one of several classes, thereby identifying the user who typed the character sequence. Three types of networks were discussed: a multilayer feedforward network trained using the backpropagation algorithm, a sum-of-products network trained with a modification of backpropagation, and a new hybrid architecture that combines the two. A maximum classification accuracy of 97.5\% was achieved using a neural network based pattern classifier. Such approach can improve computer access security.{\textless}{\textgreater}},
	number = {5},
	journal = {IEEE Transactions on Systems, Man, and Cybernetics},
	author = {Obaidat, M.S. and Macchairolo, D.T.},
	month = may,
	year = {1994},
	keywords = {Application software, Artificial neural networks, authorisation, Back, backpropagation, backpropagation algorithm, biometrics (access control), classification accuracy, computer access security, Computer networks, Computer security, computer users, Decision support systems, feedforward network, feedforward neural nets, hybrid architecture, Multi-layer neural network, multilayer neural network system, neural network based pattern classifier, Neural networks, Optical signal processing, Pattern recognition, sum-of-products network},
	pages = {806--813},
	file = {IEEE Xplore Abstract Record:C\:\\Users\\Ed\\Zotero\\storage\\SPZEPDWI\\293498.html:text/html}
}

@article{christodoulou_collision_2008,
	title = {Collision avoidance in commercial aircraft {Free} {Flight} via neural networks and non-linear programming},
	volume = {18},
	issn = {0129-0657},
	doi = {10.1142/S0129065708001658},
	abstract = {In recent years there has been a great effort to convert the existing Air Traffic Control system into a novel system known as Free Flight. Free Flight is based on the concept that increasing international airspace capacity will grant more freedom to individual pilots during the enroute flight phase, thereby giving them the opportunity to alter flight paths in real time. Under the current system, pilots must request, then receive permission from air traffic controllers to alter flight paths. Understandably the new system allows pilots to gain the upper hand in air traffic. At the same time, however, this freedom increase pilot responsibility. Pilots face a new challenge in avoiding the traffic shares congested air space. In order to ensure safety, an accurate system, able to predict and prevent conflict among aircraft is essential. There are certain flight maneuvers that exist in order to prevent flight disturbances or collision and these are graded in the following categories: vertical, lateral and airspeed. This work focuses on airspeed maneuvers and tries to introduce a new idea for the control of Free Flight, in three dimensions, using neural networks trained with examples prepared through non-linear programming.},
	language = {eng},
	number = {5},
	journal = {International Journal of Neural Systems},
	author = {Christodoulou, Manolis A. and Kontogeorgou, Chrysa},
	month = oct,
	year = {2008},
	pmid = {18991361},
	keywords = {Aircraft, Artificial Intelligence, Aviation, Computer Simulation, Neural Networks (Computer), Nonlinear Dynamics, Software, Software Validation},
	pages = {371--387},
	file = {Versão submetida:C\:\\Users\\Ed\\Zotero\\storage\\T8XFUV57\\Christodoulou e Kontogeorgou - 2008 - Collision avoidance in commercial aircraft Free Fl.pdf:application/pdf}
}

@inproceedings{mukkamala_intrusion_2002,
	title = {Intrusion detection using neural networks and support vector machines},
	volume = {2},
	doi = {10.1109/IJCNN.2002.1007774},
	abstract = {Information security is an issue of serious global concern. The complexity, accessibility, and openness of the Internet have served to increase the security risk of information systems tremendously. This paper concerns intrusion detection. We describe approaches to intrusion detection using neural networks and support vector machines. The key ideas are to discover useful patterns or features that describe user behavior on a system, and use the set of relevant features to build classifiers that can recognize anomalies and known intrusions, hopefully in real time. Using a set of benchmark data from a KDD (knowledge discovery and data mining) competition designed by DARPA, we demonstrate that efficient and accurate classifiers can be built to detect intrusions. We compare the performance of neural networks based, and support vector machine based, systems for intrusion detection.},
	booktitle = {Proceedings of the 2002 {International} {Joint} {Conference} on {Neural} {Networks}. {IJCNN}'02 ({Cat}. {No}.02CH37290)},
	author = {Mukkamala, S. and Janoski, G. and Sung, A.},
	month = may,
	year = {2002},
	note = {ISSN: 1098-7576},
	keywords = {Neural networks, Pattern recognition, data mining, Data mining, information security, Information security, Information systems, Internet, intrusion detection, Intrusion detection, KDD, knowledge discovery, learning automata, neural nets, neural networks, pattern classification, Real time systems, real-time systems, relevant feature set, security of data, Support vector machine classification, support vector machines, Support vector machines, SVM, telecommunication security},
	pages = {1702--1707 vol.2},
	file = {IEEE Xplore Abstract Record:C\:\\Users\\Ed\\Zotero\\storage\\IZ8F6TG6\\1007774.html:text/html}
}

@article{lupu_conflicts_1999,
	title = {Conflicts in policy-based distributed systems management},
	volume = {25},
	issn = {2326-3881},
	doi = {10.1109/32.824414},
	abstract = {Modern distributed systems contain a large number of objects and must be capable of evolving, without shutting down the complete system, to cater for changing requirements. There is a need for distributed, automated management agents whose behavior also has to dynamically change to reflect the evolution of the system being managed. Policies are a means of specifying and influencing management behavior within a distributed system, without coding the behavior into the manager agents. Our approach is aimed at specifying implementable policies, although policies may be initially specified at the organizational level and then refined to implementable actions. We are concerned with two types of policies. Authorization policies specify what activities a manager is permitted or forbidden to do to a set of target objects and are similar to security access-control policies. Obligation policies specify what activities a manager must or must not do to a set of target objects and essentially define the duties of a manager. Conflicts can arise in the set of policies. Conflicts may also arise during the refinement process between the high level goals and the implementable policies. The system may have to cater for conflicts such as exceptions to normal authorization policies. The paper reviews policy conflicts, focusing on the problems of conflict detection and resolution. We discuss the various precedence relationships that can be established between policies in order to allow inconsistent policies to coexist within the system and present a conflict analysis tool which forms part of a role based management framework. Software development and medical environments are used as example scenarios.},
	number = {6},
	journal = {IEEE Transactions on Software Engineering},
	author = {Lupu, E.C. and Sloman, M.},
	month = nov,
	year = {1999},
	keywords = {authorisation, Authorization, authorization policies, automated management agents, bibliographies, changing requirements, Computer Society, conflict analysis tool, conflict detection, distributed processing, File systems, high level goals, Humans, implementable action, implementable policies, management behavior, management of change, manager agents, medical environments, modern distributed systems, obligation policies, organizational level, policy based distributed systems management, precedence relationships, refinement process, role based management framework, Security, security access-control policies, software development, systems analysis, target objects},
	pages = {852--869},
	file = {IEEE Xplore Abstract Record:C\:\\Users\\Ed\\Zotero\\storage\\C38UL9NF\\824414.html:text/html;Versão submetida:C\:\\Users\\Ed\\Zotero\\storage\\HWX5ZDNX\\Lupu e Sloman - 1999 - Conflicts in policy-based distributed systems mana.pdf:application/pdf}
}

@article{jin_development_2002,
	title = {Development and adaptation of constructive probabilistic neural network in freeway incident detection},
	volume = {10},
	issn = {0968-090X},
	url = {http://www.sciencedirect.com/science/article/pii/S0968090X01000079},
	doi = {10.1016/S0968-090X(01)00007-9},
	abstract = {This paper investigates the use of constructive probabilistic neural network (CPNN) in freeway incident detection, including model development and adaptation. The CPNN was structured based on mixture Gaussian model and trained by a dynamic decay adjustment algorithm. The model was first trained and evaluated on a simulated incident database in Singapore. The adaptation of CPNN on the I-880 freeway in California was then investigated in both on-line and off-line environments. This paper also compares the performance of the CPNN model with a basic probabilistic neural network (BPNN) model. The results show that CPNN has three main advantages over BPNN: (1) CPNN has clustering ability and therefore could achieve similarly good incident-detection performance with a much smaller network size; (2) each Gaussian component in CPNN has its own smoothing parameter that can be obtained by the dynamic decay adjustment algorithm with a few epochs of training; and (3) the CPNN adaptation methods have the ability to prune obsolete Gaussian components and therefore the size of the network is always within control. CPNN has shown to have better application potentials than BPNN in this research.},
	language = {en},
	number = {2},
	urldate = {2019-12-04},
	journal = {Transportation Research Part C: Emerging Technologies},
	author = {Jin, Xin and Cheu, Ruey Long and Srinivasan, Dipti},
	month = apr,
	year = {2002},
	keywords = {Constructive probabilistic neural network, Dynamic decay adjustment algorithm, Incident detection, Model adaptation, Network pruning},
	pages = {121--147},
	file = {ScienceDirect Snapshot:C\:\\Users\\Ed\\Zotero\\storage\\ELWMD7QP\\S0968090X01000079.html:text/html}
}

@article{srinivasan_adaptive_2005,
	series = {Trends in {Neurocomputing}: 12th {European} {Symposium} on {Artificial} {Neural} {Networks} 2004},
	title = {Adaptive neural network models for automatic incident detection on freeways},
	volume = {64},
	issn = {0925-2312},
	url = {http://www.sciencedirect.com/science/article/pii/S0925231204005259},
	doi = {10.1016/j.neucom.2004.12.001},
	abstract = {Automated incident detection (AID) is an essential component of an Advanced Traffic Management and Information Systems (ATMIS), which provides round the clock incident detection, and helps initiate the required action in case of an accident or incident. This paper evaluates three promising neural network models: multi-layer feed-forward neural network (MLF), basic probabilistic neural network (BPNN) and constructive probabilistic neural network (CPNN) for their incident detection performance. An important consideration in neural network-based incident detection systems is the deployment of a trained neural network on traffic systems with considerably different driving conditions. The models were developed and tested on an original freeway site in Singapore, and tested on a new freeway site in the US for their adaptability. The paper presents comparative evaluation in terms of their classification accuracy, adaptability, and network size. Results indicate that although the MLF model gives excellent classification results on the development site, the CPNN model outperforms the other two in terms of its adaptability and flexible structure. The results suggest that CPNN model has the highest potential for use in an operational automatic incident detection system for freeways.},
	language = {en},
	urldate = {2019-12-04},
	journal = {Neurocomputing},
	author = {Srinivasan, Dipti and Jin, Xin and Cheu, Ruey Long},
	month = mar,
	year = {2005},
	keywords = {Incident detection, Network pruning, Adaptive neural networks, Multi-layer feed-forward neural network, Probabilistic neural network},
	pages = {473--496},
	file = {ScienceDirect Snapshot:C\:\\Users\\Ed\\Zotero\\storage\\I6NTDN2Y\\S0925231204005259.html:text/html}
}

@inproceedings{debar_neural_1992,
	title = {A neural network component for an intrusion detection system},
	doi = {10.1109/RISP.1992.213257},
	abstract = {An approach toward user behavior modeling that takes advantage of the properties of neural algorithms is described, and results obtained on preliminary testing of the approach are presented. The basis of the approach is the IDES (Intruder Detection Expert System) which has two components, an expert system looking for evidence of attacks on known vulnerabilities of the system and a statistical model of the behavior of a user on the computer system under surveillance. This model learns the habits a user has when he works with the computer, and raises warnings when the current behavior is not consistent with the previously learned patterns. The authors suggest the time series approach to add broader scope to the model. They therefore feel the need for alternative techniques and introduce the use of a neural network component for modeling user's behavior as a component for the intrusion detection system.{\textless}{\textgreater}},
	booktitle = {Proceedings 1992 {IEEE} {Computer} {Society} {Symposium} on {Research} in {Security} and {Privacy}},
	author = {Debar, H. and Becker, M. and Siboni, D.},
	month = may,
	year = {1992},
	note = {ISSN: null},
	keywords = {Artificial neural networks, Neural networks, Intrusion detection, neural nets, security of data, Adaptive systems, Artificial intelligence, Computer displays, Computer hacking, expert systems, Expert systems, Hardware, IDES, Intruder Detection Expert System, neural algorithms, neural network, statistical model, System testing, system vulnerability, time series, time series approach, user behavior modeling, user modelling},
	pages = {240--250},
	file = {IEEE Xplore Abstract Record:C\:\\Users\\Ed\\Zotero\\storage\\IJU6KFUY\\213257.html:text/html}
}

@inproceedings{chen_flight_2011,
	title = {Flight {Conflict} {Detection} and {Resolution} {Based} on {Neural} {Network}},
	doi = {10.1109/ICCIS.2011.154},
	abstract = {Air traffic is increasing worldwide at a steady annual rate, and airport congestion is already a major issue for air traffic managers. We consider the problems of conflict detection and resolution in air traffic management (ATM) from the perspective of computational geometry and give algorithms for solving these problems efficiently. For conflict resolution, we propose a simple method that can route multiple aircraft, conflict-free, through a cluttered airspace, using a prioritized routing scheme in space-time. We use a set of optimal solutions by the neural network.},
	booktitle = {2011 {International} {Conference} on {Computational} and {Information} {Sciences}},
	author = {Chen, Ming Qiang},
	month = oct,
	year = {2011},
	note = {ISSN: null},
	keywords = {conflict detection, Air traffic control, Airplanes, Airports, Approximation methods, Atmospheric modeling, conflict resolution, flow management, Mathematical model, traffic flow},
	pages = {860--862},
	file = {IEEE Xplore Abstract Record:C\:\\Users\\Ed\\Zotero\\storage\\6SIX7QXB\\6086336.html:text/html}
}

@article{yeung_neural_2004,
	title = {The neural basis of error detection: conflict monitoring and the error-related negativity},
	volume = {111},
	issn = {0033-295X},
	shorttitle = {The neural basis of error detection},
	doi = {10.1037/0033-295x.111.4.939},
	abstract = {According to a recent theory, anterior cingulate cortex is sensitive to response conflict, the coactivation of mutually incompatible responses. The present research develops this theory to provide a new account of the error-related negativity (ERN), a scalp potential observed following errors. Connectionist simulations of response conflict in an attentional task demonstrated that the ERN--its timing and sensitivity to task parameters--can be explained in terms of the conflict theory. A new experiment confirmed predictions of this theory regarding the ERN and a second scalp potential, the N2, that is proposed to reflect conflict monitoring on correct response trials. Further analysis of the simulation data indicated that errors can be detected reliably on the basis of post-error conflict. It is concluded that the ERN can be explained in terms of response conflict and that monitoring for conflict may provide a simple mechanism for detecting errors.},
	language = {eng},
	number = {4},
	journal = {Psychological Review},
	author = {Yeung, Nick and Botvinick, Matthew M. and Cohen, Jonathan D.},
	month = oct,
	year = {2004},
	pmid = {15482068},
	keywords = {Computer Simulation, Humans, Adolescent, Adult, Analysis of Variance, Brain Mapping, Conflict (Psychology), Electroencephalography, Evoked Potentials, Feedback, Psychological, Female, Male, Models, Psychological, Reaction Time, Scalp},
	pages = {931--959}
}

@inproceedings{koch_conflict_2002,
	address = {Berlin, Heidelberg},
	series = {Lecture {Notes} in {Computer} {Science}},
	title = {Conflict {Detection} and {Resolution} in {Access} {Control} {Policy} {Specifications}},
	isbn = {978-3-540-45931-6},
	doi = {10.1007/3-540-45931-6_16},
	abstract = {Graph-based specification formalisms for Access Control (AC) policies combine the advantages of an intuitive visual framework with a rigorous semantical foundation. A security policy framework specifies a set of (constructive) rules to build the system states and sets of positive and negative (declarative) constraints to specify wanted and unwanted substates. Models for AC (e.g. role-based, lattice-based or an access control list) have been specified in this framework elsewhere. Here we address the problem of inconsistent policies within this framework. Using formal properties of graph transformations, we can systematically detect inconsistencies between constraints, between rules and between a rule and a constraint and lay the foundation for their resolutions.},
	language = {en},
	booktitle = {Foundations of {Software} {Science} and {Computation} {Structures}},
	publisher = {Springer},
	author = {Koch, Manuel and Mancini, Luigi V. and Parisi-Presicce, Francesco},
	editor = {Nielsen, Mogens and Engberg, Uffe},
	year = {2002},
	keywords = {Access Control, Access Control Policy, Graph Grammar, Graph Transformation, Security Level},
	pages = {223--238},
	file = {Springer Full Text PDF:C\:\\Users\\Ed\\Zotero\\storage\\R7PG88EL\\Koch et al. - 2002 - Conflict Detection and Resolution in Access Contro.pdf:application/pdf}
}

@article{chomicki_conflict_2003,
	title = {Conflict resolution using logic programming},
	volume = {15},
	issn = {2326-3865},
	doi = {10.1109/TKDE.2003.1161596},
	abstract = {This paper addresses issues involved in applying the event-condition-action (ECA) rule paradigm of active databases to policies-collections of general principles specifying the desired behavior of a system. We use a declarative policy description language, PDL, in which policies are formulated as sets of ECA rules. The main contribution of the paper is a framework for detecting action conflicts and finding resolutions for them. Conflicts are captured as violations of action constraints. The semantics of rules and conflict detection and resolution are defined axiomatically using logic programs. Given a policy and a set of action constraints, the framework defines a range of monitors that filter the output of the policy to satisfy the constraints.},
	number = {1},
	journal = {IEEE Transactions on Knowledge and Data Engineering},
	author = {Chomicki, J. and Lobo, J. and Naqvi, S.},
	month = jan,
	year = {2003},
	keywords = {Computer Society, Artificial intelligence, action conflict resolution, action constraint violations, active databases, Automatic control, constraint handling, Databases, declarative policy description language, Electronic commerce, Encoding, event-condition-action rule, Filters, logic programming, Logic programming, Page description languages, policies, semantics, Transducers},
	pages = {244--249},
	file = {IEEE Xplore Abstract Record:C\:\\Users\\Ed\\Zotero\\storage\\KX892KG6\\1161596.html:text/html;Versão submetida:C\:\\Users\\Ed\\Zotero\\storage\\M3KK5L87\\Chomicki et al. - 2003 - Conflict resolution using logic programming.pdf:application/pdf}
}

@inproceedings{neri_conflict_2012,
	title = {Conflict detection in security policies using {Semantic} {Web} technology},
	doi = {10.1109/ES℡.2012.6400092},
	abstract = {The design of efficient and effective techniques for security policy analysis is a crucial open problem in modern information systems. Significant attention has been dedicated in the past to the use of logical tools for the analysis of security policies, but this work has produced a limited impact on enterprise information systems. Important reasons of the limited success of past research were the difficult integration of these approaches with the technological scenario and the limited scalability of many proposals. Nowadays Semantic Web tools are increasingly used in modern information systems. We show how the tools provided by Semantic Web and ontology management technologies offer an adequate basis for the realization of techniques able to support conflict analysis in security policies. Based on the use of these techniques, we propose a solution for two different variants of conflict analysis: (a) Policy Incompatibility, and (b) Separation of Duty Satisfiability. Experiments that test the techniques on large security policies demonstrate the scalability of the approach.},
	booktitle = {2012 {IEEE} {First} {AESS} {European} {Conference} on {Satellite} {Telecommunications} ({ES})},
	author = {Neri, Mario Arrigoni and Guarnieri, Marco and Magri, Eros and Mutti, Simone and Paraboschi, Stefano},
	month = oct,
	year = {2012},
	note = {ISSN: 2375-8554},
	keywords = {Information systems, security of data, Authorization, conflict detection, duty satisfiability separation, enterprise information systems, information systems, logical tools, Ontologies, ontologies (artificial intelligence), ontology management technology, policy incompatibility, Prototypes, security policy analysis, semantic Web, Semantic Web, semantic Web technology},
	pages = {1--6},
	file = {IEEE Xplore Abstract Record:C\:\\Users\\Ed\\Zotero\\storage\\AYWNN35J\\6400092.html:text/html}
}


@misc{tcc2019,
 author = {UFAC},
 title = {Trabalho de Conclusão de Curso},
 year = {2019},
 note = {Dispon\'{i}vel em \url{http://www.csi.ufac.br/monografia.pdf}}
}

@inproceedings{confnac2019,
 author = {P. Autor and S. Autor and T. Autor},
 title = {Exemplo de trabalho em confer\^encia nacional},
 booktitle = {Congresso Brasileiro de Futebol},
 pages = {95--105},
 address = {Rio de Janeiro, RJ, Brasil},
 month = {Dezembro},
 year = {2019}
}

@inproceedings{confinter2019,
 author = {P. Autor and S. Autor and T. Autor},
 title = {Exemplo de trabalho em confer\^encia internacional},
 booktitle = {{FIFA} Annual Conference},
 pages = {95--105},
 address = {Los Angeles, CA, EUA},
 month = {Dezembro},
 year = {2019}
}

@article{rev2019,
 author = {P. Autor and S. Autor and T. Autor},
 title = {Exemplo de trabalho em revista},
 journal = {Revista Brasileira de Futebol},
 volume = {53},
 number = {5},
 year = {2019},
 pages = {584--600}
}

@article{autrel_motorbac_nodate,
	title = {{MotOrBAC} 2: a security policy tool},
	shorttitle = {{MotOrBAC} 2},
	year={2008},
	abstract = {Given the growing complexity of information systems and the difficult task of security policy enforcement, system administrators need simple and powerful security management tools. This article presents the second version of {MotOrBAC}, a tool that embeds policy specification and administration in a same model. {MotOrBAC} is able to simulate and analyze a security policy specified using the {OrBAC} model. It also implements the {AdOrBAC} model which is used to administrate {OrBAC}. This article presents why the {OrBAC} model has been chosen to implement such tool. We also present the {OrBAC} application programming interface used by the new version of {MotOrBAC} and how it can be integrated into other applications to enforce an {OrBAC} policy.},
	author = {Autrel, Fabien and Coma, Céline and al, et}
}


@inproceedings{davy_application_2008,
	title = {Application domain independent policy conflict analysis using information models},
	doi = {10.1109/NOMS.2008.4575112},
	abstract = {A key part of the policy authoring process is analysis of the potential for newly created or modified policies to conflict with already deployed policies. We propose an approach for policy conflict analysis in which candidate policies (either newly created or modified) are analyzed on a pair-wise basis with already deployed policies, with potential conflicts between the policies being notified to the policy author. Central to the approach is a two-phase algorithm which, querying an information model, firstly determines the relationships between the pair of policies and, secondly, applies an application-specific conflict pattern to determine if the policies should be flagged as potentially conflicting. The algorithm is generic in the sense that all application specific information is encoded in the information model; as long as a minimal set of assumptions regarding the policy model are adhered to it can be applied in arbitrary application domains. In the paper we present the two phase algorithm and describe an implementation in which it is used to detect potential conflicts for both access control and filtering (firewall) policies.},
	eventtitle = {{NOMS} 2008 - 2008 {IEEE} Network Operations and Management Symposium},
	pages = {17--24},
	booktitle = {{NOMS} 2008 - 2008 {IEEE} Network Operations and Management Symposium},
	author = {Davy, Steven and Jennings, Brendan and Strassner, John},
	date = {2008-04},
	year={2008},
	note = {{ISSN}: 2374-9709},
	keywords = {access control, Access control, Algorithm design and analysis, application domain, Application software, application specific information, application-specific conflict pattern, authorisation, computer network management, Conflict Detection, Data mining, Filtering algorithms, firewall filtering policies, independent policy conflict analysis, Information analysis, Information management, Information Model, information model querying, information models, pair-wise basis, Phase detection, policy authoring process, Policy Based Management, Software systems, two-phase algorithm, Unified modeling language},
	file = {IEEE Xplore Abstract Record:C\:\\Users\\Ed\\Zotero\\storage\\9JDFP33F\\4575112.html:text/html}
}

@article{traina2019fazer},
	title={Como fazer pesquisa bibliogr{\'a}fica},
	author={Traina, Agma Juci Machado and Traina Jr, Caetano},
	journal={SBC Horizontes},
	volume={2},
	number={2},
	pages={30--35},
	year={2019}
}


@article{vasconcelos_aplicacao_2018},
	title = {Aplicação de Regras de Associação para Mineração de Dados na Web},
	volume = {1},
	rights = {Copyright (c)},
	url = {https://telematicafractal.com.br/revista/index.php/telfract/article/view/8},
	abstract = {Resumo
					Este texto trata do uso de Regras de Associação para a obtenção de conhecimento na Web. É dada uma visão geral do processo de Descoberta de Conhecimento, especialmente a fase de Mineração de Dados. Também se discute, superficialmente, a introdução de semântica na Web atual e seus reflexos no processo de mineração de dados.},
	number = {1},
	journaltitle = {Revista Telfract},
	author = {Vasconcelos, Lívia Maria Rocha de and Carvalho, Cedric Luiz de},
	urldate = {2020-08-06},
	year = {2018},
	date = {2018-04-29},
	langid = {portuguese},
	note = {Number: 1},
	keywords = {Algoritmo Apriori, Mineração de dados, Regras de Associação, Web},
	file = {Full Text PDF:C\:\\Users\\Ed\\Zotero\\storage\\IFQG8EGG\\Vasconcelos e Carvalho - 2018 - Aplicação de Regras de Associação para Mineração d.pdf:application/pdf;Snapshot:C\:\\Users\\Ed\\Zotero\\storage\\S76KSEL3\\8.html:text/html}
}

@article{eulanda_teoria_2002},
	title = {Teoria e aplicação de support vector machines à aprendizagem e reconhecimento de objetos baseado na aparência.},
	url = {http://dspace.sti.ufcg.edu.br:8080/jspui/handle/riufcg/4265},
	abstract = {Support Vector Machines ({SVM}) is a machine learning technique derived from two solid backgrounds: Statistical Learning Theory and Mathematical Optimisation. {SVM} has recently been applied with success to a variety of problems, ranging from character recognition to appearance based object recognition. Some of the reasons for this success are related to the fact this technique exhibits good generalisation performance on many real-life data sets, is well-founded theoreticaly, the training process eliminates the possibility of local minima, there are few free paramets to adjust and the architecture does not have to be found by experimentation. However, since this is a relatively new approach, text books and papers are usually in a language that is not easily acessible to Computer Scientists. Therefore one of the objectives of this dissertation is to provide an introduction to {SVM} that presents the essential concepts and theory behind the technique and that is more didatic. Appearance-based object recognition strategies appear to be well-suited for the solution of recognition problems in which geometric models of the viewed objects can be difficult to obtain, although they are not naturally tolerant to occlusions. Some machine learning techniques have been applied in this problem like, Principal Component Analysis ({PCA}), Probably Approximately Correct ({PAC}) and Neural Networks, but none posed as promising as {SVM}. Within this context, this dissertation aims to investigate the application of {SVM} to appearance-based object recognition. It presents practical results of classification initially using a small dataset and then exploring the full power of the technique on a relatively large dataset. It also presents experimental results using different variations of the technique and compares the recognition performance of {SVM} with the performance of Multilayer Percep tron Backpropagation Neural Networks.},
	author = {Santos, Eulanda Miranda dos},
	urldate = {2020-08-06},
	date = {2002-06-20},
	note = {Accepted: 2019-06-11T18:21:41Z
Company: Brasil
Distributor: Brasil
Institution: Brasil
Label: Brasil
Publisher: Universidade Federal de Campina Grande},
	file = {Full Text PDF:C\:\\Users\\Ed\\Zotero\\storage\\RLIDGTWG\\Santos - 2002 - Teoria e aplicação de support vector machines à ap.pdf:application/pdf;Snapshot:C\:\\Users\\Ed\\Zotero\\storage\\DNXKRP5R\\4265.html:text/html}
}

@book{amaral_introducao_2018},
	title = {Introdução à Ciência de Dados: Mineração de dados e big data},
	shorttitle = {Introdução à Ciência de Dados},
	abstract = {O fenômeno apontado como a quarta revolução industrial e também conhecido como Big Data está trazendo mudanças profundas no mundo em que vivemos. Ainda é difícil fazer previsões precisas de como o fenômeno vai afetar nossas vidas e nosso mundo, mas sabendo que Big Data vai afetar sua vida pessoal, sua casa, seu carro, seu emprego, sua saúde, suas amizades, sua alimentação, seu sono e até seu lazer. Dados produzidos em grande escala, com velocidade e variedade nunca antes imaginados e que a tecnologia atual tem dificuldade para armazenar e processar. Você ouve falar de Big Data todos os dias! Mas do que adianta uma montanha de dados se não formos capazes de extrair valor? Big Data vai mudar a forma como uma indústria produz, como um avião voa, como se planta um alimento, como se trata uma doença, como anunciar um produto e até como ir a Marte. Por trás deste fenômeno está o dado eletrônico, que se por um lado a poucas décadas era produzido por alguns poucos equipamentos e tinha um alto custo de armazenamento, hoje é produzido em tudo que é lugar e o custo de armazená-lo é muito baixo, e a cada dia fica mais barato. Como o dado é produzido? Como é armazenado? De que forma é consumido? Como extrair informação e conhecimento? Como tratar aspectos de segurança e privacidade? Esta obra traz uma introdução ao mundo do dado, em um estudo que vem desde sua geração ao descarte, com ênfase especial na sua análise.Esta obra está dividida em duas grandes partes: A primeira parte é uma introdução ao mundo da Ciência de Dados e Big Data, abordando questões que envolvem os modelos pré-relacionais, relacionais e pós-relacionais, como {NoSQL}, processos de transformação de dados, armazenamento analítico, como o Data Warehouse, e {HDFS}, sem deixar de tratar de maneira clara a Mineração de Dados e outras técnicas analíticas.A segunda parte é prática, onde o leitor pode implementar os conceitos estudados, desenvolvendo diversas técnicas de análise de dados como Classificação, Agrupamentos, Lei de Benford, entre outras.},
	pagetotal = {376},
	publisher = {Alta Books},
	author = {Amaral, Fernando},
	year = {2018},
	date = {2018-09-05}
}


@book{baeza-yates_recuperacao_2013},
	edition = {Edição: 2},
	title = {Recuperação de Informação: Conceitos e Tecnologia das Máquinas de Busca},
	shorttitle = {Recuperação de Informação},
	abstract = {Diariamente, mais de 1 bilhão de pessoas recorrem às máquinas de busca para encontrar informações. Mas o que está por trás dessa tecnologia? Ricardo Baeza-Yates e Berthier Ribeiro-Neto respondem a esse questionamento neste livro, que é uma introdução integral e atualizada dos conceitos-chave de {RI} e das tecnologias subjacentes às máquinas de busca. Desde a análise (parse) até a indexação, do agrupamento à classificação, da recuperação à geração do ranking, da realimentação até a avaliação da recuperação, todos os conceitos mais importantes são cuidadosamente introduzidos e exemplificados.},
	publisher = {Bookman},
	author = {Baeza-Yates, Ricardo and Ribeiro-Neto, Berthier},
	year = {2013},
	date = {2013-01-01}
}

@PhdThesis{tese2019},
 author = {O. Aluno},
 title = {Minha tese de doutorado},
 school = {Universidade Federal do Acre},
 month = {Julho},
 year = {2019},
 address = {Rio Branco, AC, Brasil}
}

@BOOK{wazlawick2009},
	AUTHOR    = {Wazlawick, Raul Sidnei},
	TITLE     = {Metodologia de Pesquisa em Ciência da Computação},
	PUBLISHER = {Elsevier},
	YEAR      = {2009},
	Edition   = {1a edição},
	Note      = {ISBN 978-85-35235-22-7}
}

@BOOK{zobel2014},
	AUTHOR    = {Zobel, Justin},
	TITLE     = {Writing for Computer Science},
	PUBLISHER = {Springer},
	YEAR      = {2014},
	Edition   = {3a edição},
	Note      = {ISBN 978-14-47166-38-2}
}


@article{lopes_adopcao_2012},
	title = {Adopção de políticas de segurança de sistemas de informação na administração pública local em Portugal},
	rights = {{openAccess}},
	url = {https://bibliotecadigital.ipb.pt/handle/10198/7422},
	abstract = {Nas últimas décadas, com a crescente dependência das organizações dos seus
Sistemas de Informação ({SI}), o valor da informação assumiu uma importância vital
para as organizações. A atenção das organizações, que era focada primordialmente
nos seus activos tangíveis (físicos e financeiros), passou também a focar-se no activo
informação.
A Segurança de Sistemas de Informação ({SSI}) é um tema crítico a ter em conta nas
organizações de todo o mundo. Face à importância das tecnologias de informação
para o negócio e à utilização massiva da Internet e dos serviços que lhe estão
associados, o número de ameaças que a informação está sujeita é cada vez mais
elevado e consequentemente a necessidade de proteger os sistemas de informação
torna-se mais premente.
Tanto ou mais importante que atingir os níveis de segurança de informação
adequados a cada organização, é conseguir mantê-los. Não basta ter software e
hardware que contribua para a segurança da informação, mas também uma política
de segurança e uma boa gestão da segurança, de forma a alicerçar devidamente os
esforços de protecção dos activos do Sistema de Informação.
No que diz respeito à Administração Pública Local, os munícipes esperam das
autarquias o desenvolvimento e modernização dos seus {SI}, com vista a que a
disponibilização de diversos serviços de forma interactiva e online se torne numa
realidade cada vez mais acessível a todos e que a segurança dos dados associados a
esses serviços tenha sido devidamente considerada.
No domínio da investigação observa-se um número razoável de estudos sobre a
temática das políticas de segurança, contudo, o número de estudos é reduzido no que
diz respeito a trabalhos empíricos acerca das questões de adopção de políticas de
segurança. No caso da Administração Pública Local em Portugal, esses estudos são
praticamente inexistentes.
Dada a ausência de estudos sobre esta temática nas Câmaras Municipais, foi
elaborado e realizado um inquérito às 308 edilidades municipais, tendo por
finalidade contribuir para a constituição de uma base de reflexão acerca das opções
de investigação a desenvolver em torno da temática da “Adopção de Políticas de
Segurança de Sistemas de Informação na Administração Pública Local em
Portugal”.
viii
O principal objectivo do inquérito foi a obtenção de resposta à seguinte questão: As
Câmaras Municipais Portuguesas têm implementadas políticas de {SSI}? Com base no
levantamento efectuado concluiu-se que das 308 Câmaras Municipais de Portugal,
12\% (38) indicaram dispor de políticas de {SSI} e 88\% (270) indicaram não ter ou
ainda se encontrarem em processo de formulação da política para posterior
implementação.
Esta constatação deu origem ao problema de investigação que se funda na reduzida
adopção de políticas de {SSI} por parte dos Municípios em Portugal. A diluição do
problema de investigação implicou satisfazer os seguintes objectivos: identificar as
componentes e características das políticas de segurança existentes; identificar
factores que afectam a adopção de políticas de {SSI} por parte das Câmaras
Municipais, classificar esses factores e propor um enquadramento para auxiliar na
compreensão da adopção de políticas de {SSI} nas Câmaras Municipais.
Para se alcançarem os objectivos mencionados, este trabalho passou, para além da
realização do levantamento já referido, por mais dois momentos fundamentais. O
segundo momento consistiu na realização de 44 entrevistas semi-estruturadas,
conduzidas presencialmente, gravadas, transcritas e posteriormente codificadas. O
objectivo da realização das entrevistas foi recolher um conjunto de dados que
possibilitasse dar resposta a questões intrínsecas ao problema de investigação.
O terceiro momento fundou-se na recolha de políticas de {SSI} junto das Câmaras
Municipais. O objectivo desta recolha foi, para além de verificar as características e
componentes presentes nestes documentos, aferir-se a homogeneidade entre eles e
com isso propor-se um modelo base de política de {SSI} a seguir pelos Municípios.
Depois de concluído o percurso de investigação descrito, constatou-se que não existe
uma única política ou modelo base partilhado pelos Municípios que já aprovaram ou
se preparam para aprovar uma política de {SSI}. Com efeito, a inexistência de um
modelo de referência que possa ser seguido pelas autarquias constitui um obstáculo à
adopção de políticas de {SSI} à escala administrativa local.
Assim, a adopção por via legislativa ou por recomendação da Associação Nacional
de Municípios Portugueses de um modelo coerente, uniforme e flexível de políticas
de {SSI} para as Câmaras Municipais, constituiria um contributo ou passo decisivo
para a institucionalização dessas políticas.
Neste trabalho de investigação evidenciam-se como principais contributos, para além
dos dois modelos base de política de {SSI}, o destaque no que diz respeito ao conteúdo
das políticas, processo e contexto na sua adopção.},
	author = {Lopes, Isabel Maria},
	urldate = {2020-08-04},
	year = {2012},
	note = {Accepted: 2012-09-03T09:19:35Z
Publisher: Universidade do Minho},
	file = {Full Text PDF:C\:\\Users\\Ed\\Zotero\\storage\\GWWAW8GN\\Lopes - 2012 - Adopção de políticas de segurança de sistemas de i.pdf:application/pdf;Snapshot:C\:\\Users\\Ed\\Zotero\\storage\\4D24GULC\\7422.html:text/html}
}

@article{santos_segurancnos_2007},
	title = {Segurança nos sistemas de informação hospitalares : políticas, práticas e avaliação},
	rights = {{openAccess}},
	url = {http://repositorium.sdum.uminho.pt/},
	shorttitle = {Segurança nos sistemas de informação hospitalares},
	abstract = {Actualmente, a informação é genericamente considerada um recurso crítico para qualquer organização, exigindo políticas de segurança adequadas para a sua protecção. Tipicamente, a abordagem usada para o desenvolvimento dessas políticas, parte da avaliação do risco, que é feita com base no valor do recurso e na probabilidade da concretização das ameaças. Estes dois valores podem ser extremamente difíceis de determinar, especialmente quando a informação não está relacionada com objectos de valor quantificável e/ou quando o historial da ocorrência de incidentes é limitado, como é o caso da informação nas unidades de saúde. Por outro lado, algumas das abordagens existentes para a avaliação do risco consomem um elevado número de meios humanos e financeiros, originando, por vezes, limitações à aplicação do processo de gestão da segurança na organização. 
Atendendo a essas limitações, o principal objectivo desta tese foi o de propor uma metodologia para a implementação de políticas de segurança em unidades de saúde. Procurou-se transformar o processo da gestão da segurança em algo que as organizações, nomeadamente unidades do tipo hospitalar, pudessem implementar e gerir de uma forma ágil e natural, sem a necessidade de recorrer a recursos extraordinários. Pretendeu-se, ainda, orientar a metodologia segundo os mais recentes desenvolvimentos ao nível do modelo de gestão dos processos desta natureza, tal como os preconizados pela recente norma {ISO}/{IEC} 27001. 
Embora a metodologia proposta tenha por base alguns métodos e normas já existentes para a área da gestão da segurança da informação, apresenta soluções inovadoras para alguns dos aspectos mais críticos e que normalmente, exigem mais recursos. Em particular, são apresentadas soluções para as fases de identificação e catalogação dos recursos (elementos informativos) a serem alvo do processo de segurança e para a determinação do índice de risco de cada recurso. Relativamente a esta última solução, é proposta a utilização da metodologia de Delphi para estimar os dois parâmetros relevantes (o valor do recurso e a probabilidade de concretização de uma ameaça) que são usados para calcular o índice do risco. 
Propõe-se ainda uma nova organização para o catálogo de medidas no âmbito da política de segurança, com vista a facilitar o processo da escolha das medidas adequadas e em concordância com a filosofia de gestão da segurança subjacente à metodologia proposta. Este catálogo recolhe, naturalmente, diversos contributos já estabelecidos para outras metodologias. 
Por fim, são apresentados os resultados da aplicação da metodologia numa organização hospitalar. Estes resultados demonstram a aplicabilidade da metodologia, ao mesmo tempo revelam a desejada agilidade no sentido de facilmente e naturalmente a integrar no processo de gestão da organização. 
Apesar da solução proposta ter sido desenvolvida tendo por base as unidades de saúde, a generalidade dos seus princípios garante que, com algum cuidado e esforço de adaptação, esta metodologia possa ser facilmente alargada a outros tipos de organizações.},
	author = {Santos, António Manuel Rodrigues Carvalho dos},
	urldate = {2020-08-04},
	date = {2007-07-19},
	note = {Accepted: 2007-12-18T21:06:45Z},
	file = {Full Text PDF:C\:\\Users\\Ed\\Zotero\\storage\\M4HGILBR\\Santos - 2007 - Segurança nos sistemas de informação hospitalares .pdf:application/pdf;Snapshot:C\:\\Users\\Ed\\Zotero\\storage\\SJ9NNFQZ\\7282.html:text/html}
}

@article{andrade_politicas_2007},
	title = {Políticas de segurança em sistemas de informação contábil: um estudo em cooperativas de crédito do estado de Minas Gerais},
	volume = {4},
	rights = {Direitos autorais},
	issn = {2175-8069},
	url = {https://periodicos.ufsc.br/index.php/contabilidade/article/view/834},
	doi = {10.5007/%x},
	shorttitle = {Políticas de segurança em sistemas de informação contábil},
	abstract = {O objetivo do trabalho é prover um estudo sobre os mecanismos de segurança utilizados na manipulação de sistemas integrados de informação contábil-financeira como forma de prevenção e identificação de fraudes eletrônicas em cooperativas de crédito de Minas Gerais. A pesquisa caracterizou-se como descritiva, com utilização da abordagem quantitativa. O universo selecionado compreendeu 43 cooperativas de crédito mineiras. A técnica utilizada para avaliar os sistemas de segurança foram questionários, sendo que as variáveis analisadas correspondem aos procedimentos usualmente estabelecidos nas normas de segurança da informação. Concluiuse que a avaliação dos procedimentos de segurança dos sistemas de informação contábil das grandes cooperativas de crédito mineiras apresentou resultados satisfatórios, podendo fornecer adequada confiabilidade quanto aos riscos de erros e fraudes eletrônicas.},
	pages = {125--144},
	number = {7},
	journaltitle = {Revista Contemporânea de Contabilidade},
	author = {Andrade, Adélio Carlos and Sousa, Flávia Cristina Alves and Colauto, Romualdo Douglas and Pinheiro, Laura Edith Taboada},
	urldate = {2020-08-04},
	date = {2007},
	langid = {portuguese},
	note = {Number: 7},
	keywords = {Accounting information system, Cooperativas de crédito, Credit cooperatives, Security of the information, Segurança da informação, Sistema de informação contábil},
	file = {Full Text PDF:C\:\\Users\\Ed\\Zotero\\storage\\M5VQG7WG\\Andrade et al. - 2007 - Políticas de segurança em sistemas de informação c.pdf:application/pdf;Snapshot:C\:\\Users\\Ed\\Zotero\\storage\\UIR39QKV\\834.html:text/html}
}

@article{marciano_segurancda_nodate},
	title = {Segurança da Informação - uma abordagem social},
	pages = {212},
	year ={2006},
	author = {Marciano, João Luiz Pereira},
	langid = {portuguese},
	file = {Marciano - Segurança da Informação - uma abordagem social.pdf:C\:\\Users\\Ed\\Zotero\\storage\\GIRK8T9X\\Marciano - Segurança da Informação - uma abordagem social.pdf:application/pdf}
}

@book{fontes_politicas},
	title = {Políticas e Normas para a Segurança da Informação},
	isbn = {978-85-7452-515-0},
	abstract = {Esta obra tem por objetivo facilitar o desenvolvimento, a implantação e a manutenção de políticas e normas de segurança da informação. Procura apresentar os aspectos teóricos que precisam ser considerados pelos profissionais envolvidos no desenvolvimento de regulamentos de segurança e também busca apresentar uma parte prática onde foram disponibilizados trinta exemplos reais de políticas, normas e documentos complementares.},
	pagetotal = {289},
	year= {2012},
	publisher = {Brasport},
	author = {Fontes, Edison},
	langid = {portuguese},
	note = {Google-Books-{ID}: X61rbEWwJ\_UC},
	keywords = {Computers / Security / General}
}

@article{ferraiolo_proposed_2001},
	title = {Proposed {NIST} standard for role-based access control},
	volume = {4},
	year ={2001},
	issn = {1094-9224},
	url = {https://doi.org/10.1145/501978.501980},
	doi = {10.1145/501978.501980},
	abstract = {In this article we propose a standard for role-based access control ({RBAC}). Although {RBAC} models have received broad support as a generalized approach to access control, and are well recognized for their many advantages in performing large-scale authorization management, no single authoritative definition of {RBAC} exists today. This lack of a widely accepted model results in uncertainty and confusion about {RBAC}'s utility and meaning. The standard proposed here seeks to resolve this situation by unifying ideas from a base of frequently referenced {RBAC} models, commercial products, and research prototypes. It is intended to serve as a foundation for product development, evaluation, and procurement specification. Although {RBAC} continues to evolve as users, researchers, and vendors gain experience with its application, we feel the features and components proposed in this standard represent a fundamental and stable set of mechanisms that may be enhanced by developers in further meeting the needs of their customers. As such, this document does not attempt to standardize {RBAC} features beyond those that have achieved acceptance in the commercial marketplace and research community, but instead focuses on defining a fundamental and stable set of {RBAC} components. This standard is organized into the {RBAC} Reference Model and the {RBAC} System and Administrative Functional Specification. The reference model defines the scope of features that comprise the standard and provides a consistent vocabulary in support of the specification. The {RBAC} System and Administrative Functional Specification defines functional requirements for administrative operations and queries for the creation, maintenance, and review of {RBAC} sets and relations, as well as for specifying system level functionality in support of session attribute management and an access control decision process.},
	pages = {224--274},
	number = {3},
	journaltitle = {{ACM} Trans. Inf. Syst. Secur.},
	author = {Ferraiolo, David F. and Sandhu, Ravi and Gavrila, Serban and Kuhn, D. Richard and Chandramouli, Ramaswamy},
	urldate = {2020-08-06},
	date = {2001-08-01},
	keywords = {access control, authorization management, Role-based access control, security, standards}
}

@article{doherty_information_2005},
	title = {Do Information Security Policies Reduce the Incidence of Security Breaches: An Exploratory Analysis},
	volume = {18},
	year= {2005},
	issn = {1040-1628},
	url = {https://doi.org/10.4018/irmj.2005100102},
	doi = {10.4018/irmj.2005100102},
	shorttitle = {Do Information Security Policies Reduce the Incidence of Security Breaches},
	abstract = {Information is a critical corporate asset that has become increasingly vulnerable to attacks from viruses, hackers, criminals, and human error. Consequently, organizations are having to prioritize the security of their computer systems in order to ensure that their information assets retain their accuracy, confidentiality, and availability. While the importance of the information security policy {InSPy} in ensuring the security of information is acknowledged widely, to date there has been little empirical analysis of its impact or effectiveness in this role. To help fill this gap, an exploratory study was initiated that sought to investigate the relationship between the uptake and application of information security policies and the accompanying levels of security breaches. To this end, a questionnaire was designed, validated, and then targeted at {IT} managers within large organizations in the {UK}. The findings presented in this paper are somewhat surprising, as they show no statistically significant relationships between the adoption of information security policies and the incidence or severity of security breaches. The paper concludes by exploring the possible interpretations of this unexpected finding and its implications for the practice of information security management.},
	pages = {21--39},
	number = {4},
	journaltitle = {Inf. Resour. Manage. J.},
	author = {Doherty, Neil F. and Fulford, Heather},
	urldate = {2020-08-06},
	date = {2005-10-01},
	file = {Versão submetida:C\:\\Users\\Ed\\Zotero\\storage\\BP6VYT4T\\Doherty e Fulford - 2005 - Do Information Security Policies Reduce the Incide.pdf:application/pdf}
}


@book{simon_administrative_1997},
	location = {New York},
	edition = {Edição: Subsequent},
	title = {Administrative Behavior, 4th Edition},
	isbn = {978-0-684-83582-2},
	abstract = {In this fourth edition of his ground-breaking work, Herbert A. Simon applies his pioneering theory of human choice and administrative decision-making to concrete organizational problems. To commemorate the fiftieth anniversary of the book's original publication, Professor Simon enhances his timeless observations on the human decision-making process with commentaries examining new facets of organizational behavior. Investigating the impact of changing social values and modem technology on the operation of organizations, the new ideas featured in this revised edition update a book that has become a worldwide classic.  Named by Public Administration Review as "Book of the Half Century," Administrative Behavior is considered one of the most influential books on social science thinking, and was referred to by the Nobel Committee as "epoch-making."  Written for managers and other professionals who wish to understand the decision-making processes at the heart of organization and management, it is also essential reading for students in business and management, economics, sociology, psychology computer science, government, and law.},
	pagetotal = {384},
	publisher = {Free Press},
	author = {Simon, Herbert A.},
	year = {1997},
	date = {1997-03-01}
}

@article{benz_universidade_nodate},
	title = {{UNIVERSIDADE} {FEDERAL} {DO} {RIO} {GRANDE} {DO} {SUL} {ESCOLA} {DE} {ADMINISTRAÇÃO} {PROGRAMA} {DE} {PÓS}-{GRADUAÇÃO} {EM} {ADMINISTRAÇÃO}},
	pages = {200},
	year= {2008},
	author = {Benz, Karl Heinz},
	langid = {portuguese},
	file = {Alinhamento estratégico entre as políticas de segurança da informação e as estratégias e práticas adotadas na TI\: Estudos de caso em instituições financeiras:C\:\\Users\\Ed\\Zotero\\storage\\T2LHDQNZ\\Benz - UNIVERSIDADE FEDERAL DO RIO GRANDE DO SUL ESCOLA D.pdf:application/pdf}
}

@article{monteiro_adocao_2017},
	title = {Adoção de Políticas de Segurança de Sistemas de Informação nas Universidades Moçambicanas},
	pages = {66},
	author = {Monteiro, Joaquina Rafael},
	year = {2017},
	langid = {portuguese},
	file = {Monteiro - 2017 - Adoção de Políticas de Segurança de Sistemas de In.pdf:C\:\\Users\\Ed\\Zotero\\storage\\NPF96CXT\\Monteiro - 2017 - Adoção de Políticas de Segurança de Sistemas de In.pdf:application/pdf}
}

@article{ahuja_54_nodate},
	title = {(54) {SYSTEMAND} {METHOD} {FOR} {DATA} {MINING}},
	abstract = {A method is provided in one example and includes generating a query for a database for information stored in the database. The information relates to data discovered through a capture system. The method further includes generating an Online Analytical Processing ({OLAP}) element to represent informa tion received from the query. A rule based on the {OLAP} element is generated and the rule affects data management for one or more documents that satisfy the rule. In more specific embodiments, the method further includes generating a cap ture rule that defines items the capture system should capture. The method also includes generating a discovery rule that defines objects the capture system should register. In still other embodiments, the method includes developing a policy based on the rule, where the policy identifies how one or more documents are permitted to traverse a network.},
	pages = {35},
	year = {2013},
	author = {Ahuja, Ratinder Paul Singh and Lakhani, Faizel},
	langid = {english},
	file = {Ahuja e Lakhani - (54) SYSTEMAND METHOD FOR DATA MINING.pdf:C\:\\Users\\Ed\\Zotero\\storage\\69AS58RK\\Ahuja e Lakhani - (54) SYSTEMAND METHOD FOR DATA MINING.pdf:application/pdf}
}

@article{kropiwiec_policy_nodate},
	title = {Policy Viewer: Ferramenta para visualizac¸˜ao de pol´ıticas de seguranc¸a em grafos},
	pages = {100},
	year = {2005},
	author = {Kropiwiec, Diogo Ditzel},
	langid = {portuguese},
	file = {Kropiwiec - Policy Viewer Ferramenta para visualizac¸˜ao de p.pdf:C\:\\Users\\Ed\\Zotero\\storage\\CPD37KZE\\Kropiwiec - Policy Viewer Ferramenta para visualizac¸˜ao de p.pdf:application/pdf}
}

@inproceedings{burns_automatic_2001},
	location = {Anaheim, {CA}, {USA}},
	title = {Automatic management of network security policy},
	volume = {2},
	isbn = {978-0-7695-1212-9},
	url = {http://ieeexplore.ieee.org/document/932156/},
	doi = {10.1109/DISCEX.2001.932156},
	eventtitle = {{DARPA} Information Survivability Conference and Exposition {II}. {DISCEX}'01},
	pages = {12--26},
	booktitle = {Proceedings {DARPA} Information Survivability Conference and Exposition {II}. {DISCEX}'01},
	publisher = {{IEEE} Comput. Soc},
	author = {Burns, J. and Cheng, A. and Gurung, P. and Rajagopalan, S. and Rao, P. and Rosenbluth, D. and Surendran, A.V. and Martin, D.M.},
	urldate = {2020-08-05},
	date = {2001},
	file = {Versão submetida:C\:\\Users\\Ed\\Zotero\\storage\\X2K6VHCF\\Burns et al. - 2001 - Automatic management of network security policy.pdf:application/pdf}
}

@article{liu_54_nodate},
	title = {(54) {SYSTEMAND} {METHOD} {FOR} {DATA} {MINING} {AND} {SECURITY} {POLICY} {MANAGEMENT}},
	abstract = {A system and method to generate and maintain controlled growth {DAG} are described. The controlled growth {DAG} con veys information about objects captured by a capture system.},
	pages = {43},
	year= {2012},
	author = {Liu, Weimin and Clara, Santa},
	langid = {english},
	file = {Liu e Clara - (54) SYSTEMAND METHOD FOR DATA MINING AND SECURITY.pdf:C\:\\Users\\Ed\\Zotero\\storage\\NQGLQRPR\\Liu e Clara - (54) SYSTEMAND METHOD FOR DATA MINING AND SECURITY.pdf:application/pdf}
}

@article{sloman_security_2002},
	title = {Security and management policy specification},
	volume = {16},
	issn = {08908044},
	url = {http://ieeexplore.ieee.org/document/993218/},
	doi = {10.1109/65.993218},
	pages = {10--19},
	number = {2},
	journaltitle = {{IEEE} Network},
	author = {Sloman, M. and Lupu, E.},
	urldate = {2020-08-05},
	date = {2002-04},
	year = {2002},
	file = {Versão aceita:C\:\\Users\\Ed\\Zotero\\storage\\TTHERTMS\\Sloman e Lupu - 2002 - Security and management policy specification.pdf:application/pdf}
}

@article{whitman_information_2001},
	title = {Information Systems Security and the Need for Policy},
	url = {https://digitalcommons.kennesaw.edu/facpubs/1452},
	journaltitle = {Faculty Publications},
	author = {Whitman, Michael and Townsend, Anthony and Aalberts, Robert},
	date = {2001-01-01},
	year = {2001},
	file = {"Information Systems Security and the Need for Policy" by Michael E. Whitman, Anthony M. Townsend et al.:C\:\\Users\\Ed\\Zotero\\storage\\WUUM7LF4\\1452.html:text/html}
}


@article{straub_effective_1990},
	title = {Effective {IS} Security: An Empirical Study},
	volume = {1},
	year= {1990},
	issn = {1047-7047},
	url = {https://pubsonline.informs.org/doi/abs/10.1287/isre.1.3.255},
	doi = {10.1287/isre.1.3.255},
	shorttitle = {Effective {IS} Security},
	abstract = {Information security has not been a high priority for most managers. Many permit their installations to be either lightly protected or wholly unprotected, apparently willing to risk major losses from computer abuse. This study, based on the criminological theory of general deterrence, investigates whether a management decision to invest in {IS} security results in more effective control of computer abuse. Data gathered through a survey of 1,211 randomly selected organizations indicates that security countermeasures that include deterrent administrative procedures and preventive security software will result in significantly lower computer abuse. Knowledge about these relationships is useful for making key decisions about the security function.},
	pages = {255--276},
	number = {3},
	journaltitle = {Information Systems Research},
	author = {Straub, Detmar W.},
	urldate = {2020-08-06},
	date = {1990-09-01},
	note = {Publisher: {INFORMS}},
	file = {Snapshot:C\:\\Users\\Ed\\Zotero\\storage\\UN6APCB4\\isre.1.3.html:text/html}
}


@article{von_solms_policies_2004},
	title = {From policies to culture},
	volume = {23},
	issn = {0167-4048},
	url = {https://doi.org/10.1016/j.cose.2004.01.013},
	doi = {10.1016/j.cose.2004.01.013},
	abstract = {Management normally sets company vision, rules and regulations through policies. These policies should provide guidance to employees and partners as to how they should act and behave to be in line with management's wishes. These policies need to be structured and organized effectively to cater for business and technological dynamics and advances. Having defined a series of company policies does not ensure that all employees will necessarily obey these policies. Ideally these policies must manifest in some company culture to ensure appropriate behaviour. This can only be achieved through a proper education process. This paper addresses exactly the process of integrating policies, education and culture.},
	pages = {275--279},
	number = {4},
	journaltitle = {Comput. Secur.},
	author = {Von Solms, Rossouw and Von Solms, Basie},
	urldate = {2020-08-06},
	date = {2004-06-01},
	year = {2004},
	keywords = {Organizational culture, Security behaviour, Security culture, Security education, Security policy}
}

@book{davis_management_1984},
	location = {{USA}},
	title = {Management information systems:  conceptual foundations, structure, and development (2nd ed.)},
	isbn = {978-0-07-015828-3},
	shorttitle = {Management information systems},
	publisher = {{McGraw}-Hill, Inc.},
	author = {Davis, Gordon B. and Olson, Margrethe H.},
	year = {1984}
}

@article{hone_information_2002},
	title = {Information security policy — what do international information security standards say?},
	volume = {21},
	year = {2002},
	issn = {0167-4048},
	url = {http://www.sciencedirect.com/science/article/pii/S0167404802005047},
	doi = {10.1016/S0167-4048(02)00504-7},
	abstract = {One of the most important information security controls, is the information security policy. This vital direction-giving document is, however, not always easy to develop and the authors thereof battle with questions such as what constitutes a policy. This results in the policy authors turning to existing sources for guidance. One of these sources is the various international information security standards. These standards are a good starting point for determining what the information security policy should consist of, but should not be relied upon exclusively for guidance. Firstly, they are not comprehensive in their coverage and furthermore, tending to rather address the processes needed for successfully implementing the information security policy. It is far more important the information security policy must fit in with the organisation’s culture and must therefore be developed with this in mind.},
	pages = {402--409},
	number = {5},
	journaltitle = {Computers \& Security},
	author = {Höne, Karin and Eloff, J. H. P.},
	urldate = {2020-08-06},
	date = {2002-10-01},
	langid = {english},
	keywords = {characteristics, elements, information security, information security policy, international standards},
	file = {ScienceDirect Snapshot:C\:\\Users\\Ed\\Zotero\\storage\\B8FEJ69N\\S0167404802005047.html:text/html}
}

@article{knapp_information_2009},
	title = {Information security policy: An organizational-level process model},
	volume = {28},
	year = {2009},
	issn = {0167-4048},
	url = {http://www.sciencedirect.com/science/article/pii/S0167404809000765},
	doi = {10.1016/j.cose.2009.07.001},
	shorttitle = {Information security policy},
	abstract = {To protect information systems from increasing levels of cyber threats, organizations are compelled to institute security programs. Because information security policies are a necessary foundation of organizational security programs, there exists a need for scholarly contributions in this important area. Using a methodology involving qualitative techniques, we develop an information security policy process model based on responses from a sample of certified information security professionals. As the primary contribution of this research study, the proposed model illustrates a general yet comprehensive policy process in a distinctive form not found in existing professional standards or academic publications. This study's model goes beyond the models illustrated in the literature by depicting a larger organizational context that includes key external and internal influences that can materially impact organizational processes. The model that evolved from the data in this research reflects the recommended practices of our sample of certified professionals, thus providing a practical representation of an information security policy process for modern organizations. Before offering our concluding comments, we compare the results of the study with the literature in both theory and practice and also discuss limitations of the study. To the benefit of the practitioner and research communities alike, the model in this study offers a step forward, as well as an opportunity for making further advancements in the increasingly critical area of information security policy.},
	pages = {493--508},
	number = {7},
	journaltitle = {Computers \& Security},
	author = {Knapp, Kenneth J. and Franklin Morris, R. and Marshall, Thomas E. and Byrd, Terry Anthony},
	urldate = {2020-08-05},
	date = {2009-10-01},
	langid = {english},
	keywords = {Governance, Information security policy, Policy development, Policy management, Policy process model},
	file = {ScienceDirect Full Text PDF:C\:\\Users\\Ed\\Zotero\\storage\\X5RMMTYT\\Knapp et al. - 2009 - Information security policy An organizational-lev.pdf:application/pdf;ScienceDirect Snapshot:C\:\\Users\\Ed\\Zotero\\storage\\MGZ79FFX\\S0167404809000765.html:text/html}
}

@article{guerrero-higueras_detection_2018},
	title = {Detection of Cyber-attacks to indoor real time localization systems for autonomous robots},
	volume = {99},
	issn = {0921-8890},
	url = {http://www.sciencedirect.com/science/article/pii/S092188901730283X},
	doi = {10.1016/j.robot.2017.10.006},
	abstract = {Cyber-security for robotic systems is a growing concern. Many mobile robots rely heavily on Real Time Location Systems to operate safely in different environments. As a result, Real Time Location Systems have become a vector of attack for robots and autonomous systems, a situation which has not been studied well. This article shows that cyber-attacks on Real Time Location Systems can be detected by a system built using supervised learning. Furthermore it shows that some type of cyber-attacks on Real Time Location Systems, specifically Denial of Service and Spoofing, can be detected by a system built using Machine Learning techniques. In order to construct models capable of detecting those attacks, different supervised learning algorithms have been tested and validated using a dataset of real data recorded by a wheeled robot and a commercial Real Time Location System, based on Ultra Wideband beacons. Experimental results with a cross-validation analysis have shown that Multi-Layer Perceptron classifiers get the highest test score and the lowest validation error. Moreover, it is the model with less overfitting and more sensitivity for detecting Denial of Service and Spoofing cyber-attacks on Real Time Location Systems.},
	pages = {75--83},
	journaltitle = {Robotics and Autonomous Systems},
	author = {Guerrero-Higueras, Ángel Manuel and {DeCastro}-García, Noemí and Matellán, Vicente},
	urldate = {2020-08-05},
	date = {2018-01-01},
	langid = {english},
	keywords = {Beacon, Cyber-attack, Cyber-security, Indoor positioning, Machine learning, Robotics},
	file = {ScienceDirect Snapshot:C\:\\Users\\Ed\\Zotero\\storage\\V4Z3NNFU\\S092188901730283X.html:text/html}
}

@report{nist_guttman_introduction_1995},
	title = {An Introduction to Computer Security: the {NIST} Handbook},
	url = {https://csrc.nist.gov/publications/detail/sp/800-12/archive/1995-10-02},
	shorttitle = {An Introduction to Computer Security},
	abstract = {This handbook provides assistance in securing computer-based resources (including hardware, software, and information) by explaining important concepts, cost considerations, and interrelationships of security controls. It illustrates the benefits of security controls, the major techniques or approaches for each control, and important related considerations. The handbook provides a broad overview of computer security to help readers understand their computer security needs and develop a sound approach to the selection of appropriate security controls. It does not describe detailed steps necessary to implement a computer security program, provide detailed implementation procedures for security controls, or give guidance for auditing the security of specific systems.},
	number = {{NIST} Special Publication ({SP}) 800-12 (Withdrawn)},
	institution = {National Institute of Standards and Technology},
	author = {Guttman, Barbara and Roback, Edward},
	urldate = {2020-08-05},
	date = {1995-10-02},
	year = {1995},
	langid = {english},	
	doi = {https://doi.org/10.6028/NIST.SP.800-12}	
}

@online{goncalves_nbr_2013},
	title = {{NBR} {ISO}/{IEC}-17799: O surgimento da Norma Nacional de Segurança de Informação},
	url = {https://lrodrigo.sgs.lncc.br/wp/dicas/seguranca/nbr-isoiec-17799-o-surgimento-da-norma-nacional-de-seguranca-de-informacao/},
	shorttitle = {{NBR} {ISO}/{IEC}-17799},
	abstract = {Nível: Avançado Info: O ser humano sempre se preocupou com a sua segurança e de seus bens, isto faz parte de nossos instintos. Como nos dia atuais, o maior bem que a humanidade possui são as inform…},
	titleaddon = {{LRodrigo} - Web Site},
	author = {Gonçalves, Luis Rodrigo de Oliveira},
	urldate = {2020-08-05},
	date = {2013-09-23},
	year ={2013},
	langid = {brazil},
	note = {Library Catalog: lrodrigo.sgs.lncc.br}	
}

@article{casaca_porque_2013},
	title = {Porque é necessária a segurança da informação? Da estratégia às políticas de segurança},
	volume = {0},
	year = {2013},
	rights = {Copyright (c) 2015 Lusíada. Política Internacional e Segurança},
	issn = {1647-1342},
	url = {http://revistas.lis.ulusiada.pt/index.php/lpis/article/view/157},
	shorttitle = {Porque é necessária a segurança da informação?},
	abstract = {As organizações estão sujeitas a um número cada vez maior de ameaças aos seus activos de informação, desde fraudes informáticas a sabotagem, vandalismo ou espionagem. Este artigo tem como objectivo demonstrar que a protecção dos activos de informação depende da definição de uma estratégia global de segurança, consubstanciada num conjunto de políticas, normas e procedimentos de segurança, necessários para implementar os controlos que permitam eliminar ou reduzir os riscos das ameaças que pendem sobre esses activos. Parte-se da explicitação dos conceitos de segurança da informação e da respectiva importância, para a descrição das características fundamentais que devem estar presentes na definição da estratégia e das políticas de segurança, assim como nos métodos de avaliar o progresso e sucesso do programa de segurança da informação. Organizations’ information assets are increasingly under numerous threats, from computer fraud to sabotage, vandalism or espionage. This article aims to demonstrate that the protection of information assets is dependent on the definition of the organization’s overall security strategy. This is translated into a set of policies, standards and security procedures required to implement the controls that extinguish or reduce the risk of threats on these assets. The article begins with the explanation of information security concepts and its importance, followed by the description of the fundamental characteristics for strategy definition and security policies and finishes with the methods to assess the progress and success of the security information program. Palavras-chave / {KeywordsSegurança} da informação, Estratégia, Políticas de segurança, Métricas, Modelos de maturidade.Information security, Strategy, Security policies, Metrics, Maturity models.},
	pages = {89--116},
	number = {3},
	journaltitle = {Lusíada. Política Internacional e Segurança},
	author = {Casaca, Joaquim António and Correia, Manuela Faia},
	urldate = {2020-08-05},
	date = {2013-07-24},
	langid = {portuguese},
	note = {Number: 3},
	file = {Full Text PDF:C\:\\Users\\Ed\\Zotero\\storage\\HZJYVVQ7\\Casaca e Correia - 2013 - Porque é necessária a segurança da informação Da .pdf:application/pdf;Snapshot:C\:\\Users\\Ed\\Zotero\\storage\\9RTQNEPK\\157.html:text/html}
}

@article{PSI},
	title = {Política de Segurança da Informação - IFFAR},
	author = {Ferreira, Andrew Roberto Lopes and Heleno, Carmo Borges Cabral and Sonnenstrahl, Thiago},
	year = {2013},
	pages = {55}
}

@book{silva_redes_2016,
	edition = {Edição: 2ª},
	title = {Redes Neurais Artificiais Para Engenharia e Ciências Aplicadas. Fundamentos Teóricos e Aspectos Práticos},
	isbn = {978-85-88098-87-9},
	abstract = {Qualquer coisa aqui},
	publisher = {Artliber},
	author = {Silva, Ivan Nunes da},
	year = {2016},
	date = {2016-01-01}
}
