
@book{aho_design_1974,
	address = {Boston, MA, United States},
	edition = {1st},
	title = {The {Design} and {Analysis} of computer algorithms},
	isbn = {0-201-00029-6},
	language = {en},
	publisher = {Addison-Wesley Longman Publishing Co., Inc.},
	author = {Aho, Alfred V and Hopcroft, John E and UIIman, Jeffrey D},
	year = {1974}	
}
